1956 3346
983 214 1007 247 8

275 335 346 376 sed
397 335 580 375 indicare
624 334 751 375 etiam
801 334 935 375 soleas
980 349 1071 375 eam
1111 337 1267 375 rectam
1304 335 1540 376 studiorum
1578 336 1703 376 ratio-

276 426 391 455 nem,
425 425 550 465 quam
587 410 675 463 ipse
703 409 961 462 jamdudum
997 410 1183 464 sequeris
1214 410 1520 464 plaudentibus
1553 417 1592 452 et
1629 410 1702 451 ad-

276 485 531 527 mirantibus
566 484 765 525 onmibus
800 485 989 526 eruditis.

335 561 508 615 (lptime
550 574 715 614 quoque
760 560 810 601 de
844 574 911 601 me
945 560 1101 601 meruit
1137 559 1364 601 Academia
1402 561 1702 615 Groningana,

273 650 380 690 quae
415 635 576 690 coeptis
623 635 729 676 ineis
775 635 933 676 blande
966 635 1129 682 arrisit,
1165 640 1207 676 et
1237 649 1395 689 magno
1428 650 1495 676 nie
1529 635 1703 690 dignata

274 711 433 751 bonore
461 715 537 751 est.
576 710 714 760 Quare
751 723 833 749 non
869 723 964 750 mea
987 709 1287 750 tantummodo
1310 724 1438 751 eausa
1459 725 1580 765 spero
1599 710 1707 750 lianc

273 785 619 827 dissertationem
652 810 709 814 —
743 799 843 825 nam
877 799 926 826 ea
950 785 1042 839 ipsa
1067 788 1132 826 est
1156 785 1332 839 scriptio
1355 800 1482 840 quain
1503 785 1706 840 suffragio

274 875 350 901 suo
391 859 589 915 probavit
631 885 688 889 —
726 859 822 900 aliis
857 874 1024 915 quoque
1059 860 1176 900 Viris
1210 860 1374 913 doctis,
1410 861 1564 916 quibus
1599 860 1707 902 forte

275 935 316 976 in
366 949 520 976 manus
568 934 755 986 venerit,
806 948 890 975 non
938 934 1254 989 displicituram
1300 949 1403 978 esse.
1480 936 1705 992 Caeterum

274 1024 495 1065 nunquam
544 1009 772 1051 obliviscar
814 1023 944 1064 quam
977 1009 1224 1052 humaniter
1271 1011 1519 1066 Groningae
1552 1011 1706 1052 fuerim

272 1088 474 1139 exceptus
515 1090 557 1126 et
601 1099 729 1140 quarn
770 1085 974 1126 candidos
1017 1085 1106 1127 dies
1141 1086 1199 1127 ibi
1233 1087 1525 1142 transegerim.
1591 1086 1707 1142 Ergo

266 1159 362 1213 jure
393 1159 631 1214 meritoque
666 1165 766 1200 vota
800 1159 908 1201 facio
942 1173 1017 1214 pro
1051 1159 1176 1201 istius
1209 1161 1467 1203 Academiae
1499 1160 1637 1203 salute
1667 1170 1710 1203 et

273 1235 579 1289 prosperitate,
614 1234 979 1289 quemadmodum
1009 1240 1109 1276 ante
1142 1235 1218 1276 hos
1251 1250 1408 1290 paucos
1441 1236 1532 1277 dies
1564 1236 1707 1277 exsul-

273 1310 375 1361 tavi,
401 1309 606 1351 discussis
635 1309 808 1350 tandem
832 1309 1019 1350 nubibus
1045 1324 1150 1364 quas
1178 1309 1216 1351 ei
1240 1310 1487 1365 impendere
1506 1311 1703 1353 sciebam.

273 1385 400 1427 Nunc
442 1390 536 1426 tuta
580 1399 605 1425 a
651 1383 867 1438 periculO‚
914 1383 1082 1425 utinam
1127 1384 1279 1440 longos
1318 1385 1362 1426 in
1395 1400 1530 1427 annos
1562 1385 1705 1438 vivat,

274 1460 394 1502 utilis
432 1460 620 1515 patriae,
667 1459 832 1501 civibus
875 1474 990 1512 cara,
1027 1463 1069 1500 et
1102 1459 1184 1501 nisi
1219 1474 1378 1516 magna
1416 1461 1707 1503 studiosorum

274 1535 516 1588 affluentia,
557 1539 601 1577 at
642 1540 754 1577 certe
788 1534 1083 1576 Professorum
1112 1535 1355 1578 eruditione
1385 1542 1428 1578 et
1460 1537 1707 1578 celebritate

273 1610 420 1651 florere
457 1615 618 1665 pergat.

334 1685 370 1725 E
404 1685 621 1727 studiosae
647 1684 892 1739 juventutis
927 1685 1149 1728 ordinibus
1184 1700 1269 1728 non
1294 1687 1371 1728 hoc
1401 1687 1573 1729 demum
1598 1693 1706 1730 tem-

275 1775 374 1816 pore
416 1761 578 1817 migro,
624 1775 718 1802 cuni
754 1761 827 1802 ille
860 1775 938 1816 ego
971 1762 1045 1816 qui
1083 1776 1218 1817 nuper
1250 1763 1362 1805 inter
1395 1763 1609 1805 discentes
1642 1778 1707 1805 se-

275 1838 427 1880 debam
476 1852 588 1879 nunc
628 1837 719 1891 jam
767 1851 841 1891 per
886 1837 1052 1893 aliquot
1096 1852 1263 1880 menses
1298 1838 1339 1879 in
1375 1838 1565 1880 docendo
1599 1839 1707 1881 vires

275 1928 390 1955 meas
433 1913 635 1968 experiar.
704 1913 796 1954 Hac
833 1918 977 1955 tamen
1016 1919 1112 1955 utor
1156 1914 1479 1969 opportunitate
1509 1919 1559 1956 ut
1589 1915 1708 1957 vobis

276 1988 536 2041 valedicam,
571 1988 697 2030 amici
730 1992 772 2030 et
806 1988 1001 2042 sodales,
1037 2004 1216 2044 quorum
1252 1989 1419 2031 dulcem
1456 2004 1576 2031 servo
1619 2004 1708 2031 me-

279 2078 373 2104 eum
399 2063 760 2113 recordationcm;
785 2063 917 2105 vivite
939 2063 1084 2106 felices
1109 2079 1317 2106 memores
1341 2070 1383 2106 et
1406 2065 1536 2106 vivite
1559 2065 1704 2105 nostri.

450 2170 570 2211 Scripsi
596 2171 853 2203 Amstelaedami
880 2179 1021 2203 exeunte

374 2240 483 2261 mense
511 2230 632 2261 Martio
657 2232 732 2261 anni
758 2230 1087 2263 MDCCCLXXVL
