1956 3346
971 203 994 241 6
1034 259 1037 262 ,

275 327 347 368 sed
394 326 536 381 potius
580 324 774 380 plorandi
815 323 1036 364 materiem
1070 322 1228 363 ducens
1266 321 1400 362 vitam
1435 321 1690 372 humanam,

276 402 367 456 ipse
412 401 559 443 acerba
604 404 804 454 expertus
846 412 931 439 non
962 410 1097 451 pauca
1122 401 1145 437 ¹.
1196 396 1320 437 Alter
1353 395 1690 450 philosophiam,

276 541 402 572 quoque
435 531 537 572 liquet
572 540 668 572 quam
704 530 835 571 penitus
868 529 1044 569 Euripides
1077 528 1152 559 odio
1186 528 1336 559 habuerit
1365 527 1472 567 jocos,
1505 537 1605 568 quum
1637 535 1696 567 pro

277 590 417 631 satyrico
452 589 613 627 dramate,
649 588 815 620 cachinnis
850 588 1031 620 excitandis
1054 587 1226 625 destinato,
1250 587 1414 627 scripserit
1438 587 1578 617 fabulam
1601 585 1695 616 semi-

275 649 443 689 tragicam,
477 648 681 688 aliquatenus
715 647 847 688 quidem
881 657 901 677 a
935 656 1013 678 vera
1045 646 1213 687 tragoedia
1248 645 1486 686 discrepantem
1510 652 1543 675 et
1565 644 1698 675 nonita

275 708 393 739 seriam
428 705 703 748 (σατυρικωτέραν
737 711 830 736 vocat
862 705 1076 746 hypotheseos
1111 704 1272 744 scriptor),
1296 704 1353 734 sed
1375 713 1505 744 prorsus
1527 709 1635 734 tamen
1660 703 1698 733 ad

279 767 444 799 modulum
467 765 628 806 tragicum
651 764 842 796 confectam.

325 828 331 847 ¹
359 829 411 859 Ex
435 826 690 866 Bellerophonte
714 828 753 865 (?)
778 825 837 857 hoc
860 825 1081 866 fragmentum
1105 830 1154 855 est
1176 830 1339 855 servatum
1358 823 1568 863 (fragm.285
1581 823 1700 862 Wagn.

278 889 342 921 287
367 887 492 927 Dind.):

537 945 616 985 ἐγώ,
642 945 680 974 τὸ
704 945 764 983 μὲν
788 943 825 981 δὴ
852 945 1029 984 πανταχοῦ
1054 943 1297 984 θρυλούμενον,

536 1004 715 1045 κράτιστον
738 1003 821 1034 εἶναι’
846 1010 923 1044 φημι
947 1003 992 1044 μὴ
1017 1004 1114 1044 φῦναι
1139 1002 1255 1043 βροτῷ
1278 1007 1337 1032 ete.

323 1065 399 1096 Huc
431 1072 557 1104 quoque
591 1063 755 1094 vocandus
790 1068 839 1093 est
872 1062 961 1093 locus
995 1061 1059 1098 ille,
1095 1060 1314 1101 Aristophani
1349 1069 1442 1100 saepe
1465 1059 1625 1099 agitatus,
1649 1058 1704 1097 qui

280 1133 381 1164 quum
404 1122 548 1153 studium
570 1121 809 1152 rhetoricarum
832 1120 1052 1157 antitheseOn,
1077 1125 1146 1151 tum
1169 1120 1317 1150 animum
1330 1118 1508 1160 proclivem
1521 1118 1559 1149 ad
1578 1116 1705 1147 moesti-

282 1183 361 1214 tiam
384 1192 442 1213 nec
466 1182 552 1213 vitae
576 1180 669 1212 valde
692 1181 833 1211 amicum
857 1180 1013 1211 ostendit:

541 1240 590 1277 τίς
614 1239 640 1271 δ’
665 1240 752 1271 οἶδεν
776 1239 802 1270 ρι’
825 1240 862 1270 τὸ
887 1238 1032 1279 ζῆν.,ιιὲν
1057 1239 1126 1269 ἐστι
1149 1238 1348 1276 κατθανεῖν,

542 1302 578 1330 τὸ
604 1301 782 1330 κατθανεῖν
806 1299 837 1330 δὲ
861 1300 924 1337 ζῆν
947 1299 1034 1330 κάτω
1059 1298 1242 1339 νομίζεταις

283 1361 366 1401 quod
401 1359 623 1399 fragmentum
657 1367 674 1388 e
705 1358 846 1399 Polyido
869 1358 938 1388 sive
969 1357 1094 1389 Glauco
1119 1356 1250 1397 (fragm.
1275 1356 1338 1387 634
1363 1356 1483 1396 Wagn.
1508 1354 1572 1386 639
1596 1352 1709 1391 Dind.)

285 1419 488 1449 simillimum
512 1424 561 1449 est
584 1417 679 1449 alteri
702 1417 773 1448 loco
797 1427 814 1448 e
839 1417 964 1448 Phrixo
976 1416 1031 1457 qui
1045 1422 1137 1448 extat
1148 1415 1233 1456 apud
1245 1415 1421 1447 Stobaeum
1438 1414 1508 1452 120,
1529 1414 1567 1445 18
1581 1412 1710 1452 (fragm.

285 1480 344 1510 821
374 1479 492 1518 Wagn.
516 1478 581 1509 830
603 1476 734 1515 Dind.):

545 1537 594 1573 τίς
618 1535 644 1568 δ’
669 1535 755 1567 οἶδεν
778 1535 804 1566 εἰ.
828 1536 888 1574 ζῆν
912 1534 1001 1566 τοῦθ’
1026 1535 1042 1565 ’ὀ
1067 1533 1219 1572 κέκληται
1243 1534 1375 1571 Θανεῑν,

545 1597 581 1627 τὸ
605 1597 667 1634 ζῆν
689 1595 720 1627 δὲ
745 1594 900 1633 Θνήσκειν
923 1594 1011 1630 aar&
1035 1593 1130 1631 πλὴν
1154 1592 1241 1633 ὅμως
1264 1591 1399 1633 βροτῶν

543 1656 700 1686 νοσοῦσιν
723 1654 752 1685 oi
776 1653 981 1693 βλέποντες,
1007 1652 1034 1683 οἱ
1060 1651 1085 1683 δ’
1110 1652 1274 1688 ὀλωλότες

546 1715 640 1747 οὐδὲν
664 1715 820 1745 νοσοῦσιν
844 1712 917 1744 οὐδὲ
942 1712 1115 1750 κέκτηνται
1139 1713 1234 1743 κακά.
1247 1730 1282 1734 -
1295 1711 1390 1744 Conf.
1405 1711 1464 1741 Ar.
1478 1710 1561 1740 Ran.
1575 1720 1619 1740 vs.
1633 1709 1715 1740 1082

291 1784 318 1806 <¹1
345 1775 452 1808 Schol.
475 1776 514 1806 ad
539 1785 585 1804 vs.
614 1774 706 1807 1477.

335 1836 466 1866 Addam
491 1834 598 1866 nobile
622 1833 846 1874 fragmentum
869 1842 914 1863 ex
940 1831 1126 1873 Hypsipyle
1150 1830 1280 1872 (fragm.
1296 1830 1361 1863 752
1378 1830 1497 1870 Wagn.
1514 1829 1577 1861 757
1590 1827 1715 1865 Dind.):

547 1894 606 1935 ἔφυ
629 1894 689 1934 μὲν
713 1891 818 1928 οὐδεὶς
842 1891 933 1928 ὅστις
958 1892 995 1922 οὐ
1020 1894 1117 1923 πονεῖ
1138 1890 1290 1933 βροτῶν,

549 1954 668 1985 θάπτει
693 1965 726 1985 τε
750 1952 869 1992 τέκνα,
895 1952 1008 1993 χᾶτερ’
1033 1953 1073 1983 αὖ
1097 1953 1217 1983 κτᾶται
1240 1950 1315 1989 νέα,

550 2013 651 2049 αὑτός
675 2024 709 2043 τε
734 2012 879 2050 θνῆσκει·
904 2013 959 2042 καὶ
984 2011 1052 2043 τάδ’
1079 2011 1243 2051 ἄχθονται
1265 2010 1396 2050 βροτοϊ

551 2073 596 2110 εἰς
620 2075 684 2114 γῆν
708 2071 859 2114 φέροντες
883 2075 959 2113 γῆν.
984 2071 1173 2112 ἀναγκαίως
1197 2069 1222 2102 δ’
1247 2070 1310 2111 ἔχει

548 2131 629 2171 βίον
652 2131 788 2172 θερίζειν
811 2131 894 2162 ὥστε
918 2130 1088 2171 κάρπιμον
1111 2130 1258 2170 στάχυν,

554 2191 608 2222 καὶ
632 2191 691 2222 τὸν
713 2191 773 2231 μὲν
797 2191 899 2228 εἶναι,
924 2190 985 2220 τὸν
1009 2188 1041 2220 δὲ
1065 2187 1120 2229 μὴ’
1148 2189 1179 2220 τί
1203 2190 1309 2219 ταῦτα
1332 2188 1377 2219 δεῖ

554 2249 695 2288 στένειν,
721 2249 804 2289 ἅπερ
829 2248 875 2279 δεῖ
899 2249 986 2279 κατὰ
1010 2248 1109 2288 φύσιν
1133 2247 1324 2288 διεκπερᾶν;

555 2308 663 2340 δεινὸν
687 2309 750 2349 γὰρ
775 2307 870 2338 οὐδὲν
894 2310 961 2338 τῶν
985 2306 1180 2348 ἀναγκαίων
1201 2305 1349 2346 βροτοῖς.

299 2370 440 2410 itemque
464 2368 521 2397 hos
544 2375 561 2397 e
585 2365 751 2397 Phoenice
774 2373 887 2396 versus
911 2364 1041 2405 (fragm.
1061 2364 1127 2396 808
1149 2364 1271 2405 Wagn.
1293 2363 1358 2395 813
1381 2363 1507 2403 Dind.):

811 2425 835 2455 ὦ
859 2425 1015 2466 φιλόζωοι
1035 2424 1174 2466 βροτοί,

557 2487 588 2516 οἳ
612 2486 676 2523 τὴν
701 2485 957 2524 ἐπιστείχουσαν
980 2483 1106 2525 ἡμέραν
1129 2482 1208 2515 ἰδεῖν

561 2543 696 2581 ποθεῖτ’,
720 2544 853 2584 ἔχοντες
877 2543 1003 2583 μυρίων
1027 2542 1131 2582 ἄχθος
1155 2544 1274 2572 κακῶν.

559 2602 663 2639 οὕτως
687 2603 765 2644 ἔρως
788 2600 964 2642 βροτοῖσιν
988 2601 1126 2642 ἔγκειται
1149 2599 1238 2638 βίου.

561 2664 598 2692 τὸ
622 2661 684 2698 ’ζῆν
708 2661 769 2702 γὰρ
793 2661 899 2701 ἴσμεν,
925 2663 984 2691 τοῦ
1008 2660 1123 2691 Θανεῖν
1147 2659 1174 2690 δ’
1199 2658 1331 2699 ἀπειρίᾳ

563 2722 629 2758 πᾶς
655 2733 703 2758 τις
727 2720 880 2761 φοβεῖται
904 2723 970 2761 φῶς
994 2721 1106 2751 λιπεῖν
1132 2718 1196 2750 τόδ’
1222 2719 1327 2756 ἡλίου.

353 2782 458 2813 Possis
492 2781 591 2812 etiam
625 2779 771 2811 conferre
806 2790 822 2811 e
858 2779 976 2810 Medea
1008 2779 1064 2809 hos
1100 2787 1214 2809 versus
1250 2778 1347 2815 (1224
1377 2777 1459 2816 sqq.)
1485 2787 1565 2818 quos
1591 2779 1727 2810 nuncius

306 2843 381 2875 dicit
396 2855 401 2873 :

567 2903 605 2931 rit
631 2901 734 2938 orm-(1
761 2899 788 2931 13'
811 2902 849 2931 οὐ
875 2902 936 2931 νῦν
962 2903 1095 2940 πρῶτον
1120 2899 1260 2940 ἠγοῦμαι
1286 2898 1382 2929 σκιάν
1405 2903 1464 2929 etc.
