1925 3377
877 254 896 267 't

875 273 898 290 a)

171 374 377 431 partium,
426 387 606 429 quarum
653 373 728 414 hae
762 379 958 424 servant,
1006 372 1104 414 illac
1152 381 1349 423 mutant;
1386 374 1462 415 hac
1497 384 1596 416 notu

171 449 359 495 tuentur,
417 442 516 484 illae
564 441 712 497 ignota
759 448 937 496 potuum
989 441 1065 482 hac
1100 442 1430 494 auctoritatem,
1472 458 1598 498 saepe

170 511 395 565 serviliter,
438 510 680 563 vindicant,
729 511 827 553 illac
861 510 1126 563 libertatem,
1171 525 1350 566 eamque
1391 526 1473 552 nou
1508 526 1599 552 raro

170 580 395 633 effrenam,
430 605 484 611 —
519 580 667 622 harum
703 580 836 634 igitur
872 580 1065 635 partium
1088 580 1233 621 studia
1255 590 1405 621 mutuo
1423 596 1466 622 se
1484 595 1599 622 com-

172 649 292 706 plent
339 656 388 692 ut
434 649 542 691 arsis
587 656 630 691 et
675 649 830 701 thesis,
877 656 924 690 ut
967 649 1075 690 duae
1109 649 1256 691 lauces
1290 664 1395 705 quas
1429 650 1599 705 copulat

164 718 343 774 jugum,
379 722 427 760 ut
458 718 629 773 nigrum
664 717 920 772 albumque,
955 726 997 758 et
1021 731 1299 773 quaecunque
1319 718 1404 759 alia
1426 719 1535 760 iuter
1558 735 1600 759 sc

172 787 371 841 opposita
426 791 470 828 et
530 792 674 828 tamen
728 785 811 826 sibi
858 785 1039 827 invicem
1088 786 1327 827 necessaria
1383 787 1603 828 nominare

172 869 353 910 possem.
405 854 502 896 Non
535 860 669 896 staret
701 853 913 907 mundus,
949 867 1002 895 ne
1033 868 1108 909 per
1125 868 1259 896 unum
1279 855 1452 910 quidem
1469 854 1599 904 diem,

173 923 256 965 nisi
301 923 363 965 vis
409 922 707 978 centrifugalis
754 929 1107 977 compensaretur
1151 923 1191 964 vi
1224 923 1481 978 ceutripeta:
1517 938 1600 965 nou

173 991 369 1033 homines
402 1006 499 1034 vere
532 992 727 1033 homines
751 997 921 1043 essent,
946 991 1032 1033 nisi
1055 991 1271 1034 sentiendi
1298 991 1453 1033 rationi
1475 1006 1601 1047 quarn

174 1060 393 1102 liberalem
426 1060 492 1102 vel
526 1060 754 1102 radicalem
789 1064 859 1113 (ut
880 1060 1098 1102 vocabulis
1123 1065 1218 1102 utar
1244 1075 1395 1116 parum
1415 1060 1604 1115 Latinis)

174 1128 390 1184 appellare
429 1129 616 1171 solemus
650 1128 812 1171 sociata
843 1134 956 1170 esset
996 1128 1131 1171 altera
1163 1143 1210 1170 ca
1242 1143 1370 1184 quam
1404 1142 1604 1171 vocamus

174 1197 457 1256 orthodoxam
491 1197 558 1239 vel
591 1197 942 1240 conservativam.

237 1266 451 1322 Quicquid
482 1266 525 1308 id
549 1271 635 1319 est,
660 1280 810 1321 operae
833 1280 935 1307 sane
954 1266 1140 1321 pretium
1159 1266 1326 1308 videtur
1345 1280 1397 1308 ex
1414 1265 1606 1322 priorum

175 1350 376 1379 aevorum
420 1334 612 1390 reliquiis
659 1333 860 1376 litorariis
895 1334 1142 1388 ostendere,
1176 1335 1418 1390 antiquitus
1452 1333 1602 1376 iisdem

179 1420 227 1448 ac
260 1404 385 1446 hodie
417 1403 616 1459 procellis
649 1408 814 1444 mentes
849 1403 1059 1445 humanas
1087 1403 1221 1446 fuisse
1241 1404 1447 1458 jactatas3
1471 1417 1607 1458 neque

141 1472 149 1479 ”
179 1473 340 1516 incolas
386 1472 636 1524 civitatum,
685 1486 792 1527 quae
837 1477 937 1513 ante
969 1472 1109 1514 multa
1140 1472 1310 1514 saccula
1343 1472 1397 1513 ad
1431 1472 1605 1514 Ilissum

182 1542 248 1585 vel
290 1541 344 1583 ad
376 1540 560 1582 Tiberim
601 1539 801 1593 floruere,
845 1546 1069 1596 tantopere
1102 1556 1127 1582 a
1160 1541 1283 1582 nobis
1319 1541 1606 1595 discrepasse,

179 1610 254 1653 sed
285 1608 487 1651 habuisse
520 1608 667 1650 eadem
702 1608 867 1661 studia,
909 1609 953 1649 in
987 1609 1161 1651 cosdem
1193 1623 1350 1650 errores
1386 1608 1607 1659 incidisse,

181 1679 330 1721 eadem
362 1676 602 1720 exercuisse
635 1676 743 1718 odia.

240 1747 291 1789 Id
330 1746 548 1788 luculento
593 1745 779 1801 quodam
816 1745 1013 1801 exemplo
1046 1746 1341 1788 demonstrare
1373 1746 1481 1787 mihi
1510 1759 1606 1800 pro-

180 1815 305 1872 posui
338 1830 391 1857 ex
423 1814 560 1856 literis
595 1813 768 1856 Graccis
801 1814 949 1869 petito.
1006 1813 1120 1856 Nota
1152 1821 1217 1857 est
1250 1814 1482 1856 inimicitia
1498 1828 1606 1870 quac

181 1884 423 1926 intercessit
466 1883 576 1925 inter
622 1883 959 1938 Aristophanem
1001 1891 1042 1924 et
1091 1883 1374 1938 Euripidem3
1408 1883 1482 1925 sed
1515 1891 1609 1923 tum

181 1953 354 1996 demum
386 1952 515 2008 plane
550 1952 736 2008 intelligi
770 1957 814 1994 et
844 1957 955 1994 recte
981 1952 1169 2007 judicari
1202 1953 1308 1994 mihi
1344 1966 1468 2008 posse
1491 1952 1608 1993 vidc-

182 2028 267 2076 tur,
310 2035 407 2064 cum
450 2021 535 2062 late
578 2020 970 2075 circumspicimus,
1022 2035 1105 2062 non
1154 2021 1293 2062 solum
1330 2020 1533 2076 temporis
1566 2028 1610 2062 et

183 2090 331 2147 populi
378 2089 527 2132 habita
574 2089 763 2142 ratione,
812 2088 886 2131 sed
932 2089 1062 2131 etiam
1111 2089 1256 2144 legum
1312 2090 1608 2131 universarum

183 2160 339 2216 quibus
372 2163 538 2200 mentes
574 2157 820 2199 mortalium
845 2164 888 2199 et
910 2150 1099 2199 humana
1121 2165 1275 2200 cuncta
1298 2159 1607 2214 obtemperant.

187 2229 233 2272 Si
277 2229 383 2271 bene
426 2228 659 2281 intuemur,
704 2228 978 2282 agnoscimus
1026 2226 1335 2283 antesignanos
1380 2227 1611 2270 earundem

185 2312 315 2354 prope
347 2296 587 2340 factionum
619 2300 661 2338 et
692 2296 972 2351 opinionum,
1005 2310 1112 2352 quae
1136 2311 1212 2352 per
1234 2300 1370 2338 totam
1388 2295 1610 2338 historiam

186 2372 289 2409 sunt
320 2365 496 2418 obviae,
537 2379 613 2406 nec
647 2364 771 2406 valde
807 2364 1023 2406 diversum
1055 2365 1128 2420 agi
1159 2365 1322 2407 bellum
1352 2369 1527 2421 apparet
1561 2364 1614 2406 ab

186 2449 255 2488 eo,
300 2433 413 2491 quod
452 2433 612 2475 nostris
657 2433 921 2488 temporibus
954 2433 1238 2476 multifariam
1274 2441 1468 2476 aestuare
1494 2433 1612 2475 vidc-

188 2517 308 2545 mus:
338 2516 497 2544 novum
533 2501 645 2543 inter
674 2508 716 2543 et
748 2502 989 2557 antiquum.
1048 2501 1280 2558 Utriusque
1314 2508 1464 2558 poetae
1492 2503 1613 2558 inge-

187 2572 308 2613 nium
339 2577 382 2613 et
413 2570 558 2612 studia
589 2584 674 2611 non
708 2576 891 2625 possunt
921 2570 1124 2626 explicari
1157 2571 1242 2613 nisi
1274 2586 1328 2613 ex
1359 2570 1615 2614 ochlocratia

189 2639 359 2692 Attica,
389 2652 497 2695 quae
530 2652 674 2679 eorum
709 2645 850 2680 aetate
881 2638 1114 2694 gliscebat:
1149 2639 1251 2682 hacc
1285 2647 1513 2694 utrumque
1540 2653 1615 2694 ge-

191 2708 310 2761 nuit,
343 2721 480 2763 neque
509 2721 611 2748 saue
643 2706 821 2749 fortuito
851 2707 993 2749 evenit
1027 2714 1076 2749 ut
1107 2708 1220 2749 idem
1256 2707 1459 2763 temporis
1491 2707 1616 2748 breve

192 2775 383 2830 spatium
420 2775 549 2817 ferret
580 2789 676 2817 cum
715 2775 978 2831 tragoediam
1014 2775 1292 2831 Euripideam
1324 2782 1415 2816 tum
1446 2775 1615 2817 Aristo-

192 2842 345 2899 phanis
377 2843 640 2885 comoediam
674 2847 879 2892 veterem3
909 2843 983 2885 sed
1014 2843 1161 2886 eadem
1180 2844 1616 2897 vis,eorumsaecu10

196 2911 340 2965 insita,
373 2926 481 2966 quae
515 2911 767 2966 Euripidem
801 2912 984 2967 protulit
1016 2912 1060 2953 in
1093 2912 1254 2965 lucem,
1286 2917 1336 2954 ut
1358 2911 1483 2953 verba
1504 2912 1615 2954 sace-

1389 2983 1403 3019 l
1425 2986 1440 3000 t
