1956 3346
997 213 1073 252 loo

321 335 462 376 omnia
503 350 569 376 inc
612 335 782 387 fallunt,
817 349 942 376 eausa
974 334 1054 375 fuit
1091 348 1164 374 cur
1196 334 1382 390 prologis
1415 334 1622 376 utendum
1655 334 1736 375 sibi

319 424 410 452 esse
442 414 620 464 putaret.

381 484 462 525 Sed
509 484 672 539 prologi
720 484 940 539 Euripidei
987 484 1030 524 id
1072 483 1282 537 peculiare
1314 484 1472 526 habent
1504 486 1614 540 quod
1654 500 1738 526 non

321 560 447 600 modo
491 559 681 601 indicant
722 573 829 614 quae
870 558 1006 612 facta,
1055 558 1128 600 sed
1160 558 1289 599 etiam
1322 573 1428 613 quae
1459 559 1604 601 futura
1635 559 1734 601 sint.

323 633 414 675 Hac
447 634 616 688 quidem
650 634 691 675 in
725 648 769 675 re
800 648 936 688 neque
968 647 1094 688 quem
1128 632 1366 674 imitaretur
1398 633 1575 687 invenit,
1604 648 1739 689 neque

322 714 528 763 quantum
548 709 634 751 seio
652 713 822 751 secutus
844 723 942 750 eum
964 712 1028 750 est
1045 708 1283 763 quisquam.
1322 708 1455 763 Saepe
1473 709 1550 750 hoc
1569 709 1740 750 nomine

322 784 600 838 reprehensus
633 788 711 837 est,
745 798 876 839 quum
909 783 1051 824 minus
1076 783 1215 824 valere
1242 783 1295 824 ad
1321 783 1486 824 animos
1510 783 1739 824 movendos

322 863 562 900 censeretur
593 857 739 899 fabula
769 857 890 912 cujus
922 858 1063 899 exitus
1089 856 1179 911 jam
1215 872 1237 899 e
1265 857 1440 912 prologo
1469 861 1595 899 notus
1615 861 1736 899 esset.

324 932 560 974 Defendere
607 932 775 974 studuit
807 932 1057 986 Lessingius
1084 933 1121 985 ¹,
1154 932 1227 987 qui
1259 937 1384 987 putat
1416 932 1666 986 Euripidem
1698 932 1742 973 id

322 1007 433 1049 bona
476 1007 528 1048 de
574 1021 701 1049 causa
747 1007 1021 1062 consulteque
1053 1006 1227 1060 fecisse,
1262 1006 1463 1048 nimirum
1497 1010 1544 1048 ut
1576 1010 1740 1061 specta-

323 1087 458 1135 tores,
485 1082 576 1137 jam
610 1081 708 1124 inde
739 1082 792 1123 ab
824 1081 949 1122 initio
980 1089 1201 1136 perspecta
1220 1085 1499 1137 καταστροφῇ,
1524 1081 1741 1136 potentius

323 1155 587 1198 afficerentur
618 1156 755 1211 priore
787 1155 992 1197 dramatis
1011 1162 1130 1210 parte
1147 1170 1230 1211 qua
1251 1156 1494 1197 continetur
1509 1155 1739 1210 expositi03

322 1244 418 1271 vere
467 1244 589 1285 porro
635 1230 854 1283 observat,
907 1230 943 1271 si
990 1234 1117 1272 notus
1165 1230 1305 1271 exitus
1353 1235 1546 1284 noceret,
1586 1230 1741 1272 iterum

324 1319 472 1347 scenae
511 1304 785 1347 commissam
830 1304 1020 1346 fabulam
1061 1319 1281 1360 nunquam
1314 1304 1579 1360 placituram.
1643 1304 1741 1346 Non

324 1379 483 1422 invitus
529 1380 723 1435 equidem
764 1380 808 1420 in
847 1379 1010 1434 judicio
1058 1380 1273 1435 Lessingii
1319 1379 1562 1434 acquieSCO,
1610 1393 1742 1434 quum

321 1455 571 1510 praesertim
603 1454 915 1514 Aristophanes
955 1454 1064 1495 hanc
1100 1454 1267 1509 prologi
1299 1453 1521 1508 Euripidei
1553 1453 1739 1508 proprie-

321 1534 455 1572 tatem
502 1543 588 1571 non
633 1528 908 1584 vituperarit3
952 1528 1079 1570 liceat
1110 1542 1208 1584 ergo
1241 1539 1390 1583 poetae
1415 1528 1507 1583 jam
1538 1542 1563 1569 a
1593 1527 1742 1569 limine

321 1604 562 1659 significare
595 1603 906 1659 spectatoribus
938 1618 1044 1658 quae
1075 1602 1274 1658 deinceps
1307 1608 1510 1645 eventura
1532 1602 1642 1652 sint3
1667 1603 1741 1644 sed

321 1692 541 1734 nunquam
587 1678 771 1720 adducar
817 1680 865 1718 ut
907 1677 1176 1732 comprobem
1209 1677 1325 1732 ipsos
1357 1677 1554 1733 prologos
1587 1677 1740 1733 quibus

321 1753 548 1808 Euripides
601 1753 644 1793 id
690 1751 914 1794 consilium
966 1756 1211 1806 persecutus
1264 1756 1339 1798 est,
1407 1753 1545 1794 Immo
1595 1753 1738 1808 potius

321 1828 559 1882 adstipulor
589 1826 893 1881 Aristophani,
928 1840 1059 1881 quum
1092 1826 1289 1874 ληκύθιον
1321 1841 1446 1868 suum
1478 1827 1616 1883 affigit,
1640 1841 1737 1882 pro-

322 1903 470 1945 oemiis
503 1902 589 1943 illis
621 1901 790 1957 pumice
823 1901 1092 1953 siccioribus,
1116 1916 1210 1942 vere
1236 1901 1476 1943 somniferis
1504 1902 1735 1955 interdum,

367 2058 375 2077 ¹
400 2057 520 2089 Hamb.
542 2057 690 2088 Dramat.
713 2055 759 2086 n⁰.
782 2057 825 2087 48
846 2066 906 2097 sq.:

364 2117 452 2149 “Die
480 2116 642 2156 Riihrung
669 2114 719 2145 die
750 2124 786 2145 er
809 2114 1068 2155 hervorbringen
1091 2115 1199 2146 wollte
1223 2116 1397 2156 versprach
1419 2125 1454 2147 er
1477 2116 1546 2147 sich
1569 2116 1660 2148 nicht
1682 2126 1738 2148 so-

326 2176 428 2208 “wohl
456 2185 520 2207 von
553 2176 627 2206 dem
662 2184 729 2205 ovas
757 2173 942 2215 geschehen
973 2173 1062 2205 sollte
1089 2174 1136 2205 als
1158 2184 1221 2205 von
1244 2175 1301 2206 der
1324 2175 1391 2207 Art
1414 2176 1474 2205 wie
1497 2184 1531 2206 es
1552 2175 1736 2216 geschehen

321 2236 468 2268 “sollte''

363 2296 432 2327 “Ist
455 2304 487 2326 es
510 2294 600 2326 nicht
621 2295 728 2326 besser
751 2295 824 2325 dass
846 2294 905 2325 wir
927 2294 974 2325 sie
998 2294 1062 2333 (res
1084 2293 1208 2325 futuras
1231 2294 1396 2332 nimirum,
1419 2294 1477 2325 soli
1494 2294 1619 2325 numini
1632 2295 1736 2334 notas)

319 2355 441 2385 “durch
464 2354 517 2385 die
539 2353 850 2385 Dazwischenkunft
872 2353 960 2384 eines
984 2352 1097 2384 Gottes
1121 2353 1240 2384 vorher
1263 2353 1430 2390 erfahren,
1459 2353 1506 2384 als
1526 2363 1586 2394 gar
1608 2353 1736 2384 nicht?''

363 2414 460 2445 Ridet
483 2422 581 2453 porro
605 2412 710 2453 Angli
736 2412 930 2444 Whitehead
953 2413 1065 2443 drama
1087 2411 1244 2445 Oreiisam
1267 2416 1339 2443 “wo
1361 2412 1412 2443 ihr
1438 2412 1518 2444 alles
1546 2422 1608 2443 von
1629 2412 1735 2444 einem

320 2473 427 2504 “alten
456 2471 702 2513 plauderhaften
724 2471 926 2503 Vertrauten
949 2471 1074 2502 erfahrt
1107 2472 1169 2502 den
1192 2471 1263 2503 eine
1286 2472 1518 2513 verschlagene
1541 2471 1736 2512 Zigeunerin

319 2531 521 2573 ‘'aussragt.”
545 2531 704 2570 (Quaeras
727 2537 850 2567 tamen,
874 2530 901 2561 si
923 2530 1030 2571 Angli
1057 2530 1170 2561 drama
1192 2529 1370 2570 Euripiden
1390 2530 1487 2571 longe
1511 2530 1645 2561 inferius
1669 2538 1735 2567 est,

320 2601 426 2623 annon
448 2591 507 2622 hac
531 2600 595 2622 una
616 2597 704 2622 certe
726 2591 758 2620 in
781 2597 872 2630 parte
896 2590 1028 2630 Anglus
1051 2589 1214 2621 Graccum
1236 2589 1376 2630 vicerit).

360 2650 511 2691 Denique
544 2650 605 2680 hoc
637 2649 762 2680 scribit:
798 2650 867 2680 “Es
896 2650 936 2679 ist
964 2649 1035 2679 klar
1058 2649 1129 2679 dass
1151 2648 1212 2679 alle
1238 2648 1290 2680 die
1313 2648 1447 2686 Stiicke,
1470 2648 1569 2679 deren
1594 2648 1735 2688 Prologe

320 2710 440 2741 “ihnen
464 2708 596 2748 (criticis
619 2707 748 2748 nempe)
772 2717 807 2738 so
831 2706 897 2738 viel
920 2707 1118 2747 Aergerniss
1142 2707 1296 2745 macheu,
1317 2706 1399 2738 auch
1427 2707 1511 2738 ohne
1542 2707 1629 2738 diese
1654 2708 1733 2739 Pro-

319 2770 414 2810 “loge
438 2769 660 2801 vollkommen
683 2778 765 2809 ganz
790 2768 854 2798 und
881 2767 1101 2798 vollkomnien
1130 2767 1347 2799 verstfindlich
1370 2767 1442 2798 sind
1450 2789 1543 2799 .....
1583 2769 1734 2810 Vergebt

319 2830 413 2858 “dc-m
448 2829 584 2860 Dichter
616 2828 696 2859 doch
731 2828 847 2858 immer
877 2827 971 2858 einen
999 2826 1119 2858 Fehler
1143 2827 1201 2858 der
1223 2827 1281 2858 mit
1305 2827 1409 2858 einem
1432 2827 1582 2867 oinzigen
1606 2827 1733 2860 Sti-iche

321 2888 397 2917 “der
425 2887 526 2920 Fedcr
550 2895 609 2929 gut
632 2899 670 2919 zu
694 2887 829 2919 macheu
852 2887 923 2918 ist.''
