1956 3346
939 172 1018 211 108

430 294 611 336 σκολίων
644 292 859 341 Μελήτου,
892 296 1080 348 Καρικῶν
1110 291 1375 346 αὐλημάτων,

430 364 615 419 θρήνων,
647 364 843 418 χορείων·
873 363 983 418 τάχα
1013 359 1052 404 δὲ
1084 359 1375 411 δηλωθήσεται.

429 433 628 486 ἐνεγκάτω
658 449 720 479 τις
749 432 795 472 τὸ
823 430 984 486 λύριον·
1016 433 1142 472 καίτοι
1171 434 1209 472 τί
1238 429 1295 474 δεῖ

430 500 562 555 λύρας
591 498 656 541 ἐπὶ
684 504 856 546 τοῦτον;
886 504 967 541 ποῦ
998 499 1102 541 ’στιν
1132 501 1156 548 ἡ
1185 506 1273 548 τοῖς
1303 502 1521 556 ὀστράκοις

432 569 530 617 αὕτη
561 573 787 624 κροτοῦσα;
819 567 940 626 δεῦρο
973 568 1106 610 Μοῦσ’
1137 567 1383 625 Εὐριπίδου,

430 639 537 693 πρὸς
566 637 693 692 ἥνπερ
724 635 921 686 ἐπιτήδεια
948 637 1058 679 ταῦτ’
1088 635 1198 693 ᾅδειν
1226 638 1327 688 μέλη
1345 639 1371 674 ¹·

333 707 425 749 Hoc
474 707 607 762 igitur
649 710 773 748 utens
831 707 1144 761 instrumente,
1195 708 1352 763 quippe
1399 707 1511 762 quod
1553 709 1690 764 magis

273 782 428 823 faceret
469 781 523 823 ad
567 782 756 823 carmina
799 781 1033 836 Euripidea
1062 796 1189 837 quam
1226 782 1318 835 lyra
1352 786 1546 836 austera,
1585 797 1692 838 quae

273 855 516 911 designavit
558 855 664 897 vitia
700 862 990 910 repraesentat
1036 856 1081 897 in
1125 856 1306 898 ridicula
1341 856 1578 911 cantilena,
1611 871 1694 913 qua

273 930 502 972 adversarii
527 930 628 982 μέλη
656 930 850 972 imitatur
864 936 891 972 ⁶2.
929 930 1046 982 Quae
1064 931 1123 972 ibi
1140 930 1429 986 exploduntur
1450 931 1551 973 haec
1568 937 1690 980 sunt:

274 1004 475 1046 dictionis
522 1004 716 1059 quaesita
760 1004 1029 1058 sublimitas,
1086 1019 1170 1060 qua
1216 1019 1280 1047 res
1326 1005 1523 1061 vulgares
1569 1020 1693 1060 saepe

275 1079 438 1122 tumide
466 1084 507 1121 et
539 1080 715 1121 obscure
744 1079 1027 1121 enunciantur
1063 1079 1136 1134 (de
1170 1094 1253 1134 qua
1285 1094 1354 1133 re,
1385 1080 1429 1121 in
1462 1080 1540 1121 IV⁰
1566 1080 1692 1136 hujus

275 1154 521 1210 speciminis
563 1154 714 1209 Capite
750 1154 843 1209 jam
873 1158 1054 1196 tractata
1082 1169 1178 1209 pag.
1219 1156 1272 1196 54
1309 1169 1425 1210 sqq.,
1461 1170 1573 1197 nunc
1608 1169 1693 1197 non

275 1244 381 1284 opus
424 1234 490 1271 est
532 1230 684 1271 iterun]
717 1230 902 1285 dicere),
945 1235 989 1271 et
1019 1244 1291 1271 numerorum
1322 1230 1457 1272 nimia
1488 1231 1692 1284 varietas,

273 1304 412 1360 magis
454 1304 709 1346 effeminatis
757 1305 824 1346 vel
874 1304 1122 1347 meretriciis
1171 1319 1297 1361 quam
1344 1307 1472 1348 castis
1520 1305 1692 1348 auribus

275 1385 375 1436 apta
394 1381 423 1421 3.
467 1380 690 1422 Praeterea
718 1380 1016 1435 improbantur
1046 1394 1180 1422 novae
1216 1380 1402 1422 musicae
1436 1380 1693 1422 modulatio-

277 1471 367 1509 nes,
399 1456 542 1511 plures
575 1468 701 1496 sonos
739 1454 995 1496 conferentis
1028 1454 1071 1495 in
1105 1469 1235 1496 unam
1268 1454 1475 1509 syllabam
1497 1458 1526 1497 ⁴.

335 1530 457 1582 Quod
488 1531 644 1572 attinet
679 1530 731 1570 ad
769 1529 927 1570 crimen
960 1538 1232 1570 numerorum
1265 1530 1342 1571 ἀνὰ
1380 1533 1426 1571 τὸ
1470 1527 1694 1583 δωδεκαμή-

277 1625 410 1663 χανον
452 1604 811 1660 compositorum,
856 1604 924 1645 hic
967 1604 1053 1645 fere
1096 1605 1242 1645 eadem
1287 1605 1425 1659 possis
1473 1605 1693 1647 observare

276 1696 382 1736 quae
429 1680 472 1721 in
527 1679 702 1721 caeteris
751 1679 969 1734 Euripidis
1022 1679 1138 1721 vitiis
1181 1679 1445 1734 explicandis
1493 1680 1690 1722 vidimus.

279 1756 452 1798 Scilicet
495 1756 539 1796 in
586 1761 721 1796 metro
771 1769 960 1810 quoquc,
1013 1761 1201 1796 veterum
1250 1755 1395 1810 legum
1439 1755 1693 1810 impatiens,

322 1940 330 1959 ¹
355 1940 394 1971 In
430 1938 553 1970 ultimis
586 1939 734 1969 versibus
763 1937 930 1979 respicitur
955 1938 1043 1969 locus
1067 1938 1262 1979 Euripideae
1285 1937 1488 1978 Hypsipyles
1510 1947 1573 1969 sec.
1597 1937 1696 1969 schol.

277 1999 496 2032 “Conferatur
519 1997 628 2030 Photii
649 1998 738 2029 locus
761 2007 833 2039 pag.
862 1998 939 2035 180,
967 1998 1016 2035 12,
1038 1998 1124 2028 unde
1151 1997 1315 2037 probabile
1339 1997 1375 2027 fit
1397 1997 1605 2038 Hypsipylen
1628 2007 1695 2029 cro-

276 2058 437 2089 “talorum
467 2067 561 2089 sonos
590 2066 662 2088 eum
687 2061 784 2089 cantu
810 2056 1062 2097 conjungentem
1088 2056 1188 2088 fuisse
1210 2056 1460 2088 introducamus·
1494 2056 1696 2097 Wagnems,

278 2117 333 2158 qui
356 2116 552 2149 Fritschium
577 2115 729 2156 sequitur.
753 2115 890 2148 Cautius
908 2115 1090 2147 Nauckius:
1117 2115 1311 2156 “Euripides
1328 2115 1403 2155 quid
1422 2114 1574 2146 dixerite
1589 2115 1697 2146 Photii

278 2179 349 2209 loco
372 2187 436 2208 non
459 2176 534 2207 satis
557 2175 723 2217 apparet.''
767 2176 914 2216 (Fragm.
938 2176 1016 2206 Eur.
1040 2176 1104 2209 769
1127 2175 1241 2215 Dind).

322 2236 335 2256 ²
357 2237 417 2268 Vs.
446 2237 526 2268 1309
549 2246 631 2276 sqq.;
656 2235 825 2266 videantur
849 2245 930 2276 quae
952 2236 991 2266 de
1014 2234 1076 2265 hoe
1097 2234 1221 2266 cantico
1244 2233 1328 2265 infra
1351 2234 1498 2264 dicentur
1528 2233 1559 2263 in
1589 2241 1697 2264 recen-

279 2297 368 2328 sione
392 2296 536 2327 locorum
560 2295 613 2326 ubi
636 2295 878 2336 Aristophanes
898 2294 1088 2334 joculariter
1111 2295 1301 2335 Euripidem
1324 2294 1469 2325 imitatus
1491 2298 1549 2324 est.

323 2354 335 2374 ³
358 2354 433 2386 Ἀνὰ
457 2356 494 2385 τὸ
518 2353 796 2395 ἒωόεκτιμὴχανον
821 2354 974 2395 Κυρήνης
997 2355 1185 2395 μελοποιῶν
1200 2363 1246 2385 vs.
1275 2353 1365 2384 1328.
1388 2353 1465 2383 Vid.
1478 2351 1575 2384 schol.
1592 2351 1696 2384 Simul

281 2414 333 2444 hic
357 2413 572 2453 Euripideum
596 2422 636 2443 ex
659 2414 844 2454 Hypsipyle
868 2423 999 2445 versum
1023 2413 1168 2444 imitatur
1191 2412 1388 2453 Aeschylus.
1427 2412 1600 2443 Praeterea
1615 2410 1698 2442 conf.

282 2483 328 2504 vs.
356 2473 445 2509 1308,
470 2471 523 2502 ubi
546 2478 640 2512 poeta
662 2474 841 2512 procaciter
865 2473 968 2504 innuit
994 2473 1161 2513 Euripidis
1185 2472 1314 2503 Musam
1338 2470 1575 2512 αι’σχροποιεῖν.

325 2532 415 2571 Quae
438 2533 470 2562 in
494 2531 682 2571 Agatlionis
706 2532 874 2563 mollitiem
899 2532 1075 2572 asperrime
1097 2531 1247 2561 dicuntur
1270 2530 1362 2561 initio
1385 2529 1697 2569 Thesmophoriazu-

283 2602 400 2627 ¹sarum,
426 2591 488 2622 hue
511 2591 607 2622 etiam
633 2591 805 2631 pertinent.
836 2593 921 2622 Nam
946 2592 999 2622 ille
1022 2597 1117 2631 poeta
1140 2591 1282 2631 tragicus
1305 2588 1489 2619 simillimus
1511 2593 1582 2618 erat
1604 2588 1697 2618 Euri-

282 2652 381 2692 pidis,
411 2661 512 2692 neque
540 2651 636 2682 aliam
667 2651 698 2682 in
731 2651 885 2682 dramatis
910 2651 1062 2682 faciendi>-
1085 2651 1170 2681 viam
1196 2650 1302 2681 inibat.
1347 2647 1541 2688 Thesmoph.
1567 2642 1613 2677 vsss
1639 2649 1698 2680 187

287 2711 455 2752 Euripides
479 2711 517 2742 de
541 2721 578 2742 eo
603 2712 693 2743 dicit:

666 2775 769 2811 [uivus
794 2773 854 2811 yc'tp
880 2771 921 2800 ἂν
945 2770 1068 2805 λέξειας
1092 2769 1191 2804 ἀέίως
1216 2768 1303 2808 isicia

327 2830 339 2848 ⁴
364 2829 417 2859 Ad
443 2829 522 2859 hane
546 2830 722 2861 novitatem
748 2830 913 2860 ridendam
938 2827 1198 2867 conglutinatum
1224 2834 1271 2857 cst
1300 2826 1376 2857 illud
1407 2831 1584 2856 monstrum
1609 2833 1698 2854 voca-

286 2887 369 2917 buli:
394 2887 703 2924 ιὶειειιιειειλίσσετι,
729 2898 775 2919 vs.
806 2889 900 2922 1314:
924 2887 964 2918 cf.
989 2887 1085 2919 etiam
1111 2895 1157 2916 vs.
1186 2886 1276 2917 1:348.
