1956 3346
942 224 1017 263 106

270 344 384 386 noris
416 343 454 385 ei
487 343 702 398 contingit
734 347 781 384 ut
811 349 911 399 post
942 344 1135 400 singulas
1167 346 1376 388 orationes
1410 346 1574 388 duobus
1609 346 1682 386 tri-

269 420 402 462 busve
449 417 691 471 versiculis,
741 423 917 473 putetne
964 419 1070 462 bene
1107 434 1161 461 an
1203 421 1315 463 male
1358 436 1449 464 esse
1497 421 1683 473 dietum,

266 494 493 536 enunciare
535 493 711 535 sinatur.
779 493 863 536 Sed
905 494 941 535 si
973 494 1143 536 abesset
1170 510 1195 536 a
1225 495 1395 537 nemine
1428 495 1683 538 desiderare-

267 575 336 610 tur
359 569 386 621 ¹,
423 572 466 610 et
488 567 584 622 jure
614 567 666 609 de
696 581 744 609 eo
773 568 918 624 quaeri
947 572 1089 624 potest
1111 569 1222 612 sicut
1244 570 1288 611 in
1307 570 1509 625 parabola
1529 570 1685 612 biblica

266 643 317 684 de
352 642 435 684 ficu
467 642 628 684 sterili:
661 656 734 684 cur
769 642 927 685 frustra
961 643 1103 685 locum
1136 645 1338 699 occupat?

264 780 349 820 quod
384 790 403 810 a
436 780 556 811 Medea
591 781 623 810 in
656 781 826 812 consilium
859 781 1028 812 adhibetur
1063 781 1116 812 ubi
1151 783 1190 812 de
1225 781 1339 812 mortis
1375 792 1495 822 qaaere
1532 781 1686 813 deliberat

266 849 311 869 vs.
336 840 401 873 376
424 849 508 880 sqq.:

566 900 698 936 πολλὰς
722 899 748 931 δ’
772 901 894 941 ἔχουσα
918 902 1123 942 θανασίμους
1147 901 1262 938 αὐτοῖς
1286 900 1399 937 ὁδούς.

565 960 623 990 οὐκ
647 958 705 990 οἶδ’
731 959 832 1001 ὁποίᾳ
857 963 992 1000 πρῶτον
1016 961 1168 1001 ἐγχειρῶ,
1193 961 1302 1001 φίλαν

566 1019 707 1060 πότερον
731 1018 851 1059 ὑφάψω
876 1018 966 1059 δῶμα
990 1019 1153 1059 νυμφικὸν
1176 1019 1271 1060 πυρί,

564 1078 582 1114 ἡ
607 1078 728 1115 Θηκτὸν
751 1076 824 1107 ‹Zau›
848 1077 1022 1118 φάσγανον
1046 1075 1084 1108 δι’
1108 1077 1252 1115 ἥπατος.

564 1196 724 1235 κράτιστα
748 1196 811 1233 τὴν
833 1195 978 1233 εὐθεῖαν,
1003 1192 1023 1237 ᾗ
1049 1195 1237 1236 πεφύκαμεν

564 1255 661 1296 σοφαὶ
685 1255 847 1295 μάλιστα,
872 1254 1057 1295 φαρμάκοις
1080 1255 1204 1290 αὐτοὺς
1228 1253 1323 1284 ἑλεῖν.

308 1316 432 1346 Iterum
461 1316 501 1345 de
529 1314 594 1345 suis
617 1313 780 1345 veneficiis
811 1320 842 1344 et
865 1313 940 1344 sicis
962 1323 1038 1344 cum
1060 1313 1160 1344 choro
1182 1312 1406 1344 confabulatur
1428 1311 1556 1343 disertis
1580 1311 1686 1342 verbis

264 1385 310 1405 vs.
333 1375 514 1408 764—823.
539 1373 691 1405 Profecto
714 1383 777 1404 non
801 1374 848 1404 ita
870 1373 976 1413 palam
1000 1374 1040 1404 de
1062 1373 1269 1404 dominorum
1281 1372 1379 1402 caede
1393 1371 1566 1401 dissereret
1578 1379 1686 1401 coram

264 1434 442 1466 Corinthiis
464 1433 669 1470 mulieribus,
693 1433 727 1463 ni
750 1432 845 1463 sciret
867 1441 920 1463 eas
942 1441 1058 1463 revera
1080 1432 1213 1470 ἠλιθίοις
1237 1430 1454 1472 παρεστάναι.

311 1494 319 1512 ¹
344 1494 479 1524 Praeter
512 1497 636 1523 ceteras
670 1491 840 1532 Euripidis
875 1491 1058 1532 tragoedias
1089 1490 1220 1521 Electra
1242 1489 1311 1520 sine
1334 1489 1400 1519 ullo
1423 1489 1541 1519 damno
1563 1493 1685 1519 careret

265 1554 373 1590 choro,
396 1552 485 1592 cujus
509 1552 540 1581 in
564 1552 625 1582 hac
648 1551 753 1581 sabula
776 1556 883 1590 partes
906 1551 985 1580 adeo
1009 1551 1047 1580 ad
1072 1549 1212 1580 nihilum
1240 1549 1385 1585 redeunt,
1415 1555 1448 1579 ut
1472 1548 1555 1579 inter
1578 1548 1684 1588 legen<

265 1613 342 1642 dum
366 1621 466 1652 paene
490 1610 690 1642 obliviscaris
714 1611 835 1640 adesse.
