1956 3346
783 557 1013 606 CAPUT
1046 557 1171 604 V11.

472 704 702 743 Elfiill’lpsss
733 703 946 733 'I'RAGICAE
980 704 1228 732 DlGNITATlS
1263 705 1487 734 l’ssssiil‘ross.

322 914 576 957 Accedimus
631 913 684 955 ad
720 928 874 956 novam
907 915 1246 967 accusationem,
1280 917 1474 971 quamvis
1511 931 1605 958 cum
1642 935 1687 958 cu

262 1004 388 1046 quam
424 995 639 1044 postremo
672 989 763 1031 loco
796 990 1074 1031 tractavimus
1106 993 1220 1032 arcte
1235 990 1531 1045 conjunctam:
1564 991 1689 1033 Euri-

262 1065 404 1121 pidem
463 1064 687 1121 infregisse
742 1064 999 1120 dignitatem
1052 1080 1202 1108 scenae
1258 1065 1456 1121 tragicae.
1545 1067 1690 1108 Primo

260 1141 415 1183 obtutu
447 1140 603 1182 mirum
636 1139 773 1182 videri
808 1140 947 1195 possit
979 1141 1057 1183 hoc
1089 1141 1267 1183 crimine
1299 1141 1456 1184 accersi
1504 1142 1686 1184 eundem

261 1221 431 1271 poetam
464 1215 532 1257 cui
551 1215 750 1270 objicitur
781 1215 915 1257 nimia
932 1215 1008 1257 illa
1033 1230 1133 1258 cura
1151 1216 1448 1271 philosophiae
1473 1223 1518 1258 et
1549 1231 1686 1259 reruni

261 1290 538 1343 sublimium,
587 1290 639 1332 de
685 1305 769 1346 qua
800 1291 967 1346 egimus
999 1296 1111 1333 ante.
1161 1291 1243 1334 Sed
1283 1297 1477 1334 accurate
1511 1292 1689 1334 investi-

259 1365 464 1420 gantibus
496 1364 742 1420 apparebit,
775 1370 999 1420 utramque
1021 1365 1191 1420 culpam
1225 1380 1277 1407 ex
1297 1367 1515 1408 communi
1537 1381 1687 1410 causa.

261 1440 464 1482 nimirum
511 1454 534 1481 e
581 1439 724 1481 studio
772 1439 1001 1492 novitatis,
1047 1440 1268 1482 commode
1314 1441 1515 1495 explicari
1551 1456 1688 1496 posse.

260 1514 493 1557 Videamus
526 1514 629 1570 quid
661 1514 740 1557 hac
771 1514 824 1556 de
856 1529 898 1556 re
931 1514 1244 1570 Aristophanes
1277 1516 1447 1558 dixerit.

318 1590 607 1633 Acerbissime
653 1590 697 1631 in
731 1589 823 1645 ejus
854 1589 1014 1632 fabulis
1047 1605 1171 1646 saepe
1205 1590 1402 1646 Euripidi
1436 1593 1689 1647 exprobrata

259 1666 505 1709 invenimus
537 1680 586 1708 ea
618 1680 727 1721 quae
758 1666 922 1708 comico
949 1666 1206 1708 videbantur
1223 1681 1322 1709 cum
1339 1667 1526 1723 tragicae
1543 1683 1689 1711 musac

258 1742 472 1798 dignitate
503 1756 706 1797 pugnare.
743 1741 794 1783 In
829 1742 961 1783 Ranis
995 1742 1128 1784 iratus
1162 1742 1401 1797 Aeschylus
1436 1742 1685 1799 Euripidem

260 1817 326 1859 his
357 1816 562 1859 conviciis
596 1816 830 1858 insectatur
863 1816 945 1869 (vs.
984 1818 1062 1859 841
1101 1818 1211 1872 sq.‘):

475 1894 524 1934 σὺ
555 1889 604 1941 δὴ
633 1892 688 1945 ’μέ
717 1891 847 1938 ταῦτ’,
879 1894 910 1933 ὦ
943 1889 1417 1945 στωμυλιοσυλλεκτάδη

473 1966 535 2004 καὶ
563 1964 802 2017 πτωχοποιὲ
833 1965 896 2003 καὶ
925 1959 1337 2017 ῥακιοσυρραπτᾶὃηέ

260 2057 359 2084 mox
407 2042 488 2095 (vs.
540 2043 647 2097 846)
695 2041 826 2083 etiam
859 2041 1106 2098 χωλοποιὸν
1137 2056 1236 2083 eum
1270 2051 1402 2083 vocat.
1441 2042 1553 2093 Quid
1587 2044 1687 2085 haee

259 2118 340 2159 sibi
386 2117 521 2159 velint
553 2116 746 2172 epitheta
777 2130 929 2171 pamm
962 2115 1219 2170 honorifica,
1253 2117 1573 2172 explanandum
1607 2129 1683 2161 cst.

320 2191 493 2236 Scilicet
526 2191 779 2247 Euripides,
813 2190 940 2233 modo
971 2195 1260 2246 spectatorum
1291 2192 1458 2235 animos
1498 2202 1685 2235 moveret

259 2268 310 2310 de
357 2268 506 2310 decoro
559 2281 644 2309 non
695 2266 800 2308 satis
847 2265 1085 2318 sollicitus,
1133 2281 1259 2322 saepe
1310 2281 1385 2322 per
1424 2267 1686 2310 adminicula

258 2342 418 2399 pusilla
466 2348 508 2384 et
539 2342 657 2384 omni
693 2342 908 2397 gravitate
946 2341 1136 2383 carentia
1166 2342 1480 2385 misericordiae
1512 2358 1685 2386 sensum

258 2431 431 2459 evocare
475 2416 686 2459 studebat.
753 2417 1006 2472 Complures
1053 2417 1201 2459 heroas
1254 2417 1298 2459 in
1345 2433 1516 2460 scenam
1562 2420 1684 2461 duxit

258 2492 571 2534 claudicantes:
607 2492 864 2547 Telephum,
904 2491 1215 2545 Philoctetem,
1254 2492 1628 2548 Bellerophontem
1652 2496 1683 2535 ¹:

306 2701 312 2720 ¹
338 2702 501 2742 Euripidei
538 2702 802 2742 Bellerophontis
832 2702 998 2734 deridendi
1031 2711 1128 2733 causa
1151 2702 1393 2742 Aristophanes
1418 2704 1597 2743 composuit
1625 2706 1681 2736 init

259 2761 339 2791 tium
365 2761 476 2796 Pacis.
502 2771 656 2802 perquam
681 2761 859 2798 ludicrum,
884 2762 936 2792 ubi
964 2760 1136 2802 Trygaeus
1159 2761 1289 2802 qnidam
1319 2761 1533 2794 Atheniensis
1549 2773 1681 2803 apparet

260 2820 429 2851 scarabaeo
451 2820 590 2851 insidens
614 2830 678 2860 quo
701 2820 795 2851 adeat
819 2819 1007 2860 Olympum.
1056 2820 1126 2850 Vix
1152 2820 1335 2850 mordacius
1359 2821 1529 2860 quicquam
1559 2829 1682 2862 poterat

260 2879 441 2919 excogitari
466 2889 559 2919 quum
587 2885 618 2908 ut
646 2879 790 2920 praepeti
819 2880 960 2919 Pegaso.
984 2880 1035 2919 qui
1063 2879 1246 2911 chimaerae
1273 2879 1430 2911 victorem
1458 2882 1543 2911 vexit
1571 2892 1683 2913 verens
