1956 3346
907 189 952 227 81

225 315 470 368 Αἶγικορέων
503 313 728 354 deducitur
759 329 783 353 a
821 313 1009 354 Palladis
1041 313 1190 367 aegide
1210 316 1238 366 ¹,
1271 320 1312 355 et
1340 314 1453 355 lonis
1487 329 1637 357 nomeu

219 402 295 442 pro
327 386 552 442 participio
573 387 689 429 verbi
710 390 807 430 ἰέναι
833 387 1013 429 habetur
1025 391 1055 437 ³;
1082 387 1284 429 Zetonciu
1309 388 1391 430 ἀπὸ
1412 395 1484 431 τοῦ
1505 390 1640 437 ζητεῖν

217 464 362 508 τόπον,
394 461 685 516 Amphionem
713 465 774 504 ὅτι
797 465 839 504 ἐν
861 460 985 517 διόδῳ
1008 462 1030 511 ἦ
1054 466 1113 504 ὅτι
1132 462 1232 518 ἀμφὶ
1250 461 1353 505 ὁδὸν
1370 464 1498 505 αὐτὸν
1513 463 1641 504 ἔτεκεν

218 540 354 578 mater
383 537 668 592 appellavisse
698 537 856 579 <licitur
877 537 910 589 ³,
946 551 1073 592 quam
1095 537 1401 592 etymologiam
1428 552 1511 579 non
1532 537 1639 579 effu-

215 610 331 666 gisse
373 611 522 653 comici
562 612 744 667 sagittas
788 610 924 666 liquet
968 626 1019 653 ex
1062 611 1140 653 hoe
1184 612 1274 654 loco
1309 612 1462 654 veteris
1495 626 1640 667 grain-

217 685 382 728 rnatici:
417 690 438 729 ὁ
470 684 509 729 δὲ
540 687 847 743 Ἀριστοφάνης
877 687 1199 739 κωμικευόμενος
1221 686 1330 742 λέγει
1348 685 1641 742 ὅτι“Ἀμφοδος

216 760 361 817 ὤφειλε
391 762 589 811 κληθῆναι
610 761 638 802 ⁴.
697 761 777 802 Per
823 760 1029 815 frigidum
1064 760 1206 801 lusum
1242 759 1448 815 Meleagri
1482 775 1636 803 nomen

215 849 312 877 cum
357 835 478 891 μελέᾳ
508 836 617 891 ἄγρᾳ
665 835 890 890 Calydonii
941 836 1032 890 apri
1076 836 1344 878 connectitur
1366 837 1396 889 ⁵,
1432 842 1474 878 ct
1506 851 1639 892 equus

215 910 420 964 Tro-ianus
446 915 621 952 vocatur
655 908 843 966 ὃοΰρειος
868 912 1014 960 ἵππος,
1039 913 1220 967 κρυπτὸν
1246 911 1470 968 ἀμπισχὼν
1488 909 1589 966 δόρυ
1608 911 1636 953 ⁰.

257 1091 480 1128 nocentiores,
505 1096 682 1131 praeeunte
707 1090 747 1123 G.
774 1090 960 1127 Dindorfio,
985 1090 1042 1121 hos
1067 1100 1182 1122 versus
1204 1096 1357 1133 tanquam
1382 1092 1570 1124 subditicios
1594 1105 1640 1126 rc-

208 1149 327 1190 jiciunt
359 1148 496 1190 (Bernh.
530 1148 574 1179 1.1.
608 1158 682 1189 pag.
719 1148 807 1187 482).
865 1148 928 1180 Sed
961 1158 1025 1190 quo
1056 1151 1188 1181 tandem
1207 1150 1305 1191 jure?
1351 1151 1498 1184 Versum
1522 1155 1586 1186 293
1610 1163 1641 1186 et

213 1216 401 1251 sequentem
435 1218 536 1249 usque
569 1208 650 1240 adeo
683 1218 780 1240 sensu
813 1218 924 1240 carere
948 1215 983 1240 ut
1005 1218 1045 1240 ne
1069 1209 1174 1241 infimi
1199 1211 1329 1251 quidem
1353 1213 1476 1243 ordinis
1500 1214 1640 1256 interpo-

213 1270 298 1301 lator
320 1269 365 1299 ita
388 1275 425 1300 ut
447 1278 534 1300 nune
557 1268 680 1309 legitur
703 1269 846 1300 scribere
868 1269 1030 1309 potuerit,
1055 1276 1134 1310 puto
1156 1270 1187 1300 in
1211 1270 1357 1303 confesso
1379 1281 1457 1303 esse.
1489 1273 1524 1305 Si
1549 1273 1643 1314 hujus

213 1328 274 1360 loci
306 1328 449 1369 corrupti
484 1327 662 1368 probabilis
695 1327 852 1359 correctio
888 1327 1094 1360 inveniretur
1127 1329 1216 1368 (nam
1250 1330 1337 1367 ἔθηκ’
1375 1331 1410 1361 ἐν
1444 1331 1534 1372 rfifi',
1556 1332 1642 1372 quod

213 1388 392 1422 Schoenius
426 1387 458 1418 in
491 1397 550 1419 sua
583 1387 726 1419 editione
761 1387 891 1428 scripsit
924 1397 987 1418 non
1023 1388 1159 1425 sufficit,
1198 1398 1298 1429 quum
1333 1391 1517 1431 genitivum
1548 1391 1640 1423 illum

207 1448 315 1489 ’Ἠρας
348 1447 504 1479 intactum
540 1446 725 1487 reliquerit)
760 1446 840 1477 nihil
874 1446 926 1478 hic
960 1448 1106 1480 viderem
1140 1449 1227 1489 quod
1257 1449 1296 1479 ab
1319 1450 1485 1491 Euripidis
1509 1451 1642 1490 ingenio

211 1507 394 1538 abhorreat.

257 1565 266 1586 ¹
314 1566 386 1598 Ion.
409 1575 455 1598 vs.
482 1565 579 1598 1580:
604 1566 683 1606 ἐμῆς
707 1565 735 1597 δ’
760 1565 823 1597 ἀπ’
847 1566 976 1607 αἰγίδος
1000 1566 1186 1608 Αἰγικορῆς.
1211 1568 1330 1600 Nescio
1346 1576 1455 1600 utrum
1469 1569 1520 1601 hic
1533 1572 1638 1612 magi<

213 1626 246 1657 in
279 1631 375 1667 poeta
407 1625 548 1657 demirer
577 1625 838 1665 intempestivam
863 1625 1054 1657 eruditionis
1076 1627 1340 1665 ostentationem,
1365 1638 1463 1669 quum
1487 1630 1640 1662 dramati,-

212 1685 268 1717 fini
288 1691 398 1717 assuat
419 1684 568 1716 laciniam
593 1684 872 1725 archaeologicam
883 1710 891 1723 ,
909 1695 1052 1726 pannum
1068 1695 1131 1717 non
1147 1697 1352 1728 purpureum
1366 1688 1424 1719 sed
1436 1686 1638 1728 pulvereum.

213 1754 253 1775 an
286 1744 419 1776 criticae
454 1742 616 1775 facultatis
651 1742 813 1784 inopiam,
847 1753 947 1785 quum
981 1744 1033 1776 vel
1068 1745 1101 1775 in
1135 1751 1200 1776 tam
1234 1746 1407 1778 manifesta
1439 1747 1640 1788 etymologia

211 1802 337 1834 titubet.

255 1861 268 1882 2
314 1862 384 1894 Ion.
409 1872 455 1894 vs.
479 1862 538 1893 661
566 1871 633 1902 sqq.
659 1861 792 1893 Xuthus
816 1861 863 1893 sic
885 1862 1044 1903 loquitur:

506 1920 609 1952 ’ίωνιι
633 1921 661 1952 δ’
685 1921 838 1963 ὀνομάζω
862 1933 909 1959 σε,
935 1923 978 1963 τῇ
1002 1921 1087 1964 τύχῃ
1113 1923 1252 1964 πρέπον,

513 1979 661 2012 ὁθούνεκ’
687 1979 822 2012 α’δύτων
839 1981 957 2015 ἐξιόντι
979 1993 1035 2021 μοι
1058 1981 1134 2013 Θεοῦ

512 2040 607 2081 ἴχνος
630 2039 784 2079 ξυνῆψας
808 2042 952 2081 πρῶτος.

256 2100 296 2132 In
318 2100 378 2131 hac
401 2105 509 2131 tamen
532 2098 732 2130 derivatione
755 2103 803 2130 est
817 2101 875 2130 cur
893 2099 1083 2136 connives&
1106 2099 1228 2131 scilicet
1248 2100 1315 2142 ipsa
1330 2101 1439 2133 fabula
1453 2103 1492 2134 de
1507 2102 1640 2135 Phoebo

213 2158 363 2192 Xuthum
391 2158 526 2199 jubente
560 2164 597 2189 ut
632 2167 692 2199 pro
725 2157 793 2190 filio
825 2159 958 2199 adoptet
987 2158 1042 2199 qui
1070 2158 1130 2189 sibi
1154 2169 1171 2190 e
1193 2160 1316 2200 templo
1343 2162 1494 2193 redeunti
1517 2162 1641 2203 primus

212 2219 328 2251 obvius
361 2218 468 2256 fieret,
504 2217 556 2257 (cs.
591 2227 639 2249 vs,
669 2218 735 2250 535
769 2219 868 2260 sqq.),
905 2217 1036 2249 videtur
1069 2217 1166 2250 fuisse
1189 2220 1326 2263 conficta
1347 2221 1387 2252 ad
1410 2221 1639 2263 explicandum

213 2288 334 2310 nomen
358 2278 457 2310 Ionis.

255 2336 268 2355 ³
313 2336 438 2379 Hygin.
461 2336 522 2368 fab.
545 2337 575 2370 7.
591 2335 886 2368 —Valckenarius
910 2336 1019 2369 Diatr.
1042 2345 1112 2378 cap.
1136 2339 1156 2370 7
1179 2338 1219 2369 de
1243 2338 1390 2380 Antiope
1408 2338 1517 2371 sabula
1531 2349 1642 2381 agens,

212 2396 372 2434 “nollem‚
407 2396 528 2438 iuquit,
563 2395 614 2427 his
637 2395 768 2437 ineptiis
791 2396 934 2437 tragicus
956 2396 1116 2428 eximium
1141 2396 1222 2428 illud
1246 2406 1339 2429 suurn
1362 2399 1476 2430 drama
1505 2400 1640 2432 dedeco-

214 2458 372 2488 “raason''

257 2515 269 2534 ⁴
314 2515 456 2556 Etymol.
487 2523 596 2555 magn.
621 2523 697 2555 pag.
720 2515 772 2546 92.
798 2531 838 2537 -
861 2514 1008 2547 Versum
1031 2515 1264 2556 Aristophanis·
1286 2524 1304 2547 e
1321 2517 1472 2548 secundis
1485 2516 1641 2549 Thesmo-

215 2574 416 2615 phoriazusis
439 2574 571 2616 praebet
595 2573 718 2605 Pollux
741 2575 778 2611 9,
808 2573 868 2605 36;

294 2632 464 2676 Ἀμφοὸον
487 2634 588 2675 ἐχρῆν
611 2634 705 2675 αὐτῷ
727 2633 874 2666 τίθεσθαι
898 2634 1045 2675 τοῦνομα
1070 2634 1190 2674 (Arist.
1216 2634 1332 2676 fragm.
1359 2636 1459 2667 Dind.
1481 2636 1570 2674 30⁴).

257 2690 271 2712 ⁸
317 2691 501 2734 Μελέαγρε,
533 2691 659 2733 μελέαν
693 2692 754 2734 γάρ
794 2691 870 2723 ποτ’
905 2691 1054 2734 α’γρεὺεις
1089 2693 1208 2735 ἄγραν.
1258 2694 1369 2735 Etym.
1410 2704 1519 2735 magn.
1548 2695 1580 2725 in
1612 2706 1642 2728 v.

218 2750 430 2790 Meleager
461 2750 592 2792 (fragm.
617 2750 717 2784 Dind.
741 2751 831 2791 521).
874 2751 946 2783 Hoc
967 2757 1188 2784 commentum
1211 2762 1253 2784 ne
1277 2753 1354 2794 ipsis
1376 2753 1508 2794 quidem
1536 2763 1642 2794 gram-

219 2809 345 2840 maticis
368 2810 475 2850 potuit
498 2810 641 2851 placere.
666 2816 746 2842 teste
770 2810 875 2843 Beklt.
902 2811 1024 2842 Anccd.
1048 2821 1122 2852 pag.
1152 2812 1241 2843 1163.

261 2867 273 2887 ⁸
319 2868 438 2899 'ri-omi.
465 2878 511 2900 vs.
539 2870 586 2899 14.
