1956 3346
883 191 935 227 :3:ss

196 328 245 354 vx
305 313 481 368 prologo
536 317 637 354 nota
680 311 860 359 habeon
911 325 1127 366 quumque
1184 311 1356 352 {ntalem
1415 318 1612 353 eventum

196 402 330 444 neque
362 387 513 430 evitari
546 401 683 443 neque
713 386 868 428 mutari
899 400 1022 440 posse
1053 386 1214 437 sciant,
1250 387 1364 441 parvi
1392 386 1516 428 refert
1534 402 1614 441 qua

195 464 262 504 via
304 478 352 505 eo
396 463 581 518 glenique
614 461 897 517 perveniatur.
966 460 1177 515 Ucdipus,
1213 476 1339 516 quem
1374 462 1460 502 sata
1495 476 1614 516 praev·-

195 538 402 579 nunciant
432 538 659 579 occisorem
693 536 827 591 patris
860 535 947 577 foi-c
981 543 1022 577 ct
1048 536 1196 577 matris
1219 536 1460 591 conjugem,
1485 537 1612 578 ctiam

193 613 227 653 si
271 627 356 654 non
399 612 679 669 ignoravisset
726 625 825 653 suos
874 611 1062 658 natales,
1104 620 1243 652 tamen
1279 611 1422 666 aliqua
1454 612 1615 653 rationi¹

193 687 422 743 perductus
466 693 580 731 esset
620 695 667 729 ut
714 695 879 742 patrem
926 686 1156 727 trucidaret
1201 693 1243 727 ct
1286 687 1435 728 matris
1476 696 1612 728 torum

192 764 514 813 conscenderem
579 762 842 818 Hippolytus
904 768 1045 802 tamen
1100 761 1243 816 aliquo
1293 762 1417 802 modo
1464 763 1615 804 misero

193 839 411 895 periisset,
445 839 640 895 quamvis
674 843 794 893 pater
828 852 910 879 non
944 837 1047 878 (liris
1080 851 1177 879 curn
1211 843 1454 879 exsecratus
1482 846 1613 890 essct,

192 921 235 957 et
265 915 326 958 sic
358 929 481 970 porro
503 915 528 956 ¹.

251 990 394 1033 Media
425 990 558 1045 igitur
588 989 657 1031 via
689 995 754 1031 est
784 988 995 1034 ineunda,
1029 1002 1157 1044 quam
1191 993 1333 1030 tamen
1366 1003 1450 1030 non
1478 989 1614 1043 possit

193 1070 335 1107 tenere
383 1064 492 1118 nisi,
548 1070 597 1106 ut
641 1063 756 1117 dixi,
801 1063 873 1118 qui
917 1063 989 1118 pia
1031 1067 1197 1116 mente,
1244 1077 1292 1105 ea
1339 1078 1446 1119 quae
1491 1077 1616 1104 nemo

192 1139 329 1182 adhuc
372 1138 590 1181 intellexit
632 1153 677 1180 se
711 1152 880 1194 quoque
911 1137 1073 1180 nescire
1104 1138 1296 1193 patiens,
1334 1139 1615 1180 nihilominus

192 1215 351 1257 divinis
395 1213 646 1256 numinibus
680 1212 906 1254 hominum
938 1217 1097 1255 sortem
1128 1213 1218 1268 regi
1251 1213 1420 1267 credat,
1452 1213 1524 1256 sed
1558 1214 1617 1255 ita

193 1294 241 1332 ut
280 1289 411 1331 simul
452 1289 725 1344 aliquatenus
768 1287 887 1330 faber
919 1302 1020 1330 suae
1063 1289 1244 1344 quisque
1278 1288 1474 1331 fortunae
1508 1289 1564 1330 sit
1584 1294 1612 1330 ².

194 1364 240 1407 Si
280 1378 329 1406 ea
376 1378 498 1406 mens
550 1362 681 1405 fuerit
739 1362 900 1418 tragico
955 1368 1126 1418 poetae,
1181 1364 1224 1404 in
1282 1363 1373 1418 ejus
1419 1365 1615 1420 operibus

192 1440 330 1481 fatum
366 1439 446 1481 etsi
481 1453 564 1480 non
597 1438 734 1491 absit,
770 1451 855 1479 non
886 1438 1015 1493 plane
1047 1443 1167 1480 extra
1192 1439 1387 1481 homines
1404 1439 1486 1481 erit
1500 1440 1615 1495 posi-

193 1520 308 1568 tum,
343 1514 415 1556 sed
448 1512 592 1568 potius
626 1513 668 1553 in
703 1512 893 1567 ipsorum
925 1512 1170 1568 pectoribus
1203 1513 1325 1568 quasi
1360 1513 1476 1555 nasci
1496 1514 1613 1556 vide-

192 1589 334 1632 bimus
366 1592 410 1631 et
434 1602 641 1640 crescere,
669 1586 802 1629 donec
817 1601 861 1629 se
883 1587 1083 1629 evolvens
1101 1587 1286 1630 adducat
1308 1592 1613 1644 καταστροφήιι;

192 1678 245 1706 ex
284 1662 467 1719 ingeniis
500 1662 723 1704 hominum
756 1676 986 1717 eorumque
1017 1662 1258 1705 actionibus
1291 1669 1334 1704 et
1365 1663 1515 1705 harum
1548 1678 1613 1704 sc-

193 1737 330 1794 quelis
372 1736 531 1779 orietur
571 1742 721 1779 catena
764 1736 968 1778 continua
1011 1751 1234 1778 causarum
1276 1742 1319 1779 et
1362 1736 1613 1781 effectuum:

194 1821 238 1856 et.
281 1813 318 1856 si
364 1812 534 1868 quando
580 1817 785 1867 appareat
828 1812 932 1853 deus
976 1812 1017 1853 in
1070 1827 1217 1866 scena,
1266 1827 1351 1854 non
1394 1817 1614 1854 versutum

194 1887 564 1944 praestigiatorem
630 1900 705 1928 nos
767 1886 908 1928 videre
949 1887 1225 1942 putabimus,
1273 1887 1347 1929 sed
1389 1887 1615 1929 coelestem

194 1978 366 2007 causam
399 1977 543 2005 eorum
578 1976 686 2017 quae
712 1961 803 2016 jam
825 1977 900 2017 per
917 1967 1056 2004 totum
1075 1962 1223 2004 drama
1240 1977 1613 2017 conspexeramus,

194 2039 314 2094 cujus
346 2040 536 2094 potestas
563 2036 686 2079 nobis
719 2051 886 2078 sacrum
919 2037 1134 2092 quendam
1170 2037 1384 2079 horrorem
1418 2038 1611 2080 incutiat.

239 2211 246 2232 ¹
294 2212 379 2244 Illud
413 2211 608 2244 incommodi
643 2211 749 2253 magis
783 2211 882 2243 etiam
906 2211 938 2242 in
963 2211 1130 2252 Euripidis
1153 2221 1248 2252 quarn
1273 2206 1304 2242 in
1328 2218 1530 2243 caeterorum
1554 2220 1615 2243 tra·

194 2273 342 2314 gicorum
378 2271 494 2302 sabulis
529 2271 670 2303 incurrit
702 2273 733 2302 in
767 2271 896 2307 oculos,
930 2281 1030 2312 quum
1064 2271 1136 2307 ille,
1168 2278 1202 2302 ut
1225 2271 1388 2311 Lessingii
1413 2279 1486 2303 utar
1509 2273 1618 2303 verbis

195 2332 327 2372 (Hamb.
362 2332 513 2363 Dramat.
537 2331 595 2362 ΝΟ.
623 2331 689 2371 48),
714 2331 786 2362 “die
813 2331 974 2371 Riihrung
997 2331 1048 2362 die
1071 2340 1106 2361 er
1131 2330 1393 2372 hervorbringen
1419 2331 1526 2362 wollte
1549 2331 1616 2362 sich

195 2391 307 2423 “nicht
339 2391 461 2423 sowohl
496 2390 672 2432 versprach
709 2400 773 2421 von
802 2392 874 2422 dem
901 2400 966 2421 was
989 2391 1172 2431 geschehen
1197 2390 1291 2422 sollte
1314 2391 1361 2422 als
1385 2401 1448 2422 von
1471 2391 1530 2422 der
1554 2394 1616 2423 Art

195 2450 280 2482 “wie
304 2460 338 2482 es
360 2449 547 2491 gescheben
571 2449 697 2480 sollte.''

239 2508 252 2529 ²
298 2508 624 2540 Pseudo-Sallustius
658 2509 719 2550 Ep.
753 2509 793 2539 ad
827 2507 921 2541 Caes.
963 2510 974 2539 1
1007 2520 1012 2538 :
1041 2509 1066 2543 1.
1099 2509 1135 2540 2:
1171 2510 1225 2539 “in
1258 2510 1456 2540 carminibus
1491 2511 1618 2551 Appia*

200 2568 352 2609 {Caecus}
388 2570 447 2604 ait.
481 2569 608 2600 fabrum
643 2577 714 2599 esse
747 2578 824 2599 suae
855 2577 1016 2609 quemque
1052 2567 1233 2600 fortunae.''
1282 2568 1378 2600 Unde
1416 2569 1468 2599 W.
1493 2569 1619 2600 Teuffel

197 2628 291 2659 Rom.
316 2628 598 2670 Literatnrgesch.
621 2629 638 2668 ξ
661 2628 714 2664 88,
737 2629 758 2659 5
781 2627 866 2658 hunc
889 2626 987 2658 efficit
1010 2628 1193 2658 saturnium
1219 2638 1364 2660 versum:

476 2686 564 2718 saber
586 2688 661 2718 suae
686 2687 834 2718 sominae
859 2704 897 2709 —
923 2686 1145 2728 unusquisque
1170 2694 1215 2718 es‘t
1241 2688 1338 2727 ipsus.
