<?xml version="1.0" encoding="UTF-8"?>
<!DOCTYPE html PUBLIC "-//W3C//DTD XHTML 1.0 Transitional//EN"
    "http://www.w3.org/TR/xhtml1/DTD/xhtml1-transitional.dtd">
<html xmlns="http://www.w3.org/1999/xhtml" xml:lang="en" lang="en">
 <head>
  <title>
</title>
<meta http-equiv="Content-Type" content="text/html;charset=utf-8" />
  <meta name='ocr-system' content='tesseract 3.04.00' />
  <meta name='ocr-capabilities' content='ocr_page ocr_carea ocr_par ocr_line ocrx_word'/>
</head>
<body>
  <div class='ocr_page' id='page_1' title='image "./dearistophaneeur00leeuuoft_0116.png"; bbox 0 0 1956 3346; ppageno 0'>
   <div class='ocr_carea' id='block_1_1' title="bbox 957 224 1034 261">
    <p class='ocr_par' dir='ltr' id='par_1_1' title="bbox 957 224 1034 261">
     <span class='ocr_line' id='line_1_1' title="bbox 957 224 1034 261; baseline 0 0"><span class='ocrx_word' id='word_1_1' title='bbox 957 224 1034 261; x_wconf 63' lang='lat' dir='ltr'>‘1u4</span> 
     </span>
    </p>
   </div>
   <div class='ocr_carea' id='block_1_2' title="bbox 285 342 1728 2870">
    <p class='ocr_par' dir='ltr' id='par_1_2' title="bbox 285 342 1724 2273">
     <span class='ocr_line' id='line_1_2' title="bbox 288 342 1705 389; baseline -0.003 0"><span class='ocrx_word' id='word_1_2' title='bbox 288 349 327 389; x_wconf 89' lang='lat' dir='ltr'>in</span> <span class='ocrx_word' id='word_1_3' title='bbox 364 347 508 389; x_wconf 88' lang='lat' dir='ltr'>Attico</span> <span class='ocrx_word' id='word_1_4' title='bbox 552 346 718 386; x_wconf 81' lang='lat' dir='ltr'>theatro</span> <span class='ocrx_word' id='word_1_5' title='bbox 751 357 907 384; x_wconf 85' lang='lat' dir='ltr'>munus</span> <span class='ocrx_word' id='word_1_6' title='bbox 940 342 1183 384; x_wconf 89' lang='lat' dir='ltr'>labentibus</span> <span class='ocrx_word' id='word_1_7' title='bbox 1216 343 1340 384; x_wconf 82' lang='lat' dir='ltr'>annis</span> <span class='ocrx_word' id='word_1_8' title='bbox 1373 344 1531 385; x_wconf 89' lang='lat' dir='ltr'>sensim</span> <span class='ocrx_word' id='word_1_9' title='bbox 1563 344 1705 386; x_wconf 89' lang='lat' dir='ltr'>decre-</span> 
     </span>
     <span class='ocr_line' id='line_1_3' title="bbox 285 417 1708 476; baseline -0.002 -12"><span class='ocrx_word' id='word_1_10' title='bbox 285 424 416 472; x_wconf 78' lang='lat' dir='ltr'>visse3</span> <span class='ocrx_word' id='word_1_11' title='bbox 451 435 583 476; x_wconf 88' lang='lat' dir='ltr'>quum</span> <span class='ocrx_word' id='word_1_12' title='bbox 618 419 733 461; x_wconf 88' lang='lat' dir='ltr'>enim</span> <span class='ocrx_word' id='word_1_13' title='bbox 767 418 1007 473; x_wconf 82' lang='lat' dir='ltr'>antiquitus</span> <span class='ocrx_word' id='word_1_14' title='bbox 1041 417 1246 459; x_wconf 78' lang='lat' dir='ltr'>minorem</span> <span class='ocrx_word' id='word_1_15' title='bbox 1281 419 1522 473; x_wconf 75' lang='lat' dir='ltr'>tragoediae</span> <span class='ocrx_word' id='word_1_16' title='bbox 1544 426 1708 475; x_wconf 86' lang='lat' dir='ltr'>partem</span> 
     </span>
     <span class='ocr_line' id='line_1_4' title="bbox 285 494 1709 551; baseline -0.002 -14"><span class='ocrx_word' id='word_1_17' title='bbox 285 498 495 549; x_wconf 78' lang='lat' dir='ltr'>diverbia,</span> <span class='ocrx_word' id='word_1_18' title='bbox 516 496 720 551; x_wconf 87' lang='lat' dir='ltr'>majorem</span> <span class='ocrx_word' id='word_1_19' title='bbox 738 494 905 537; x_wconf 88' lang='lat' dir='ltr'>chorica</span> <span class='ocrx_word' id='word_1_20' title='bbox 923 494 1176 549; x_wconf 76' lang='lat' dir='ltr'>implerent,</span> <span class='ocrx_word' id='word_1_21' title='bbox 1195 500 1237 535; x_wconf 84' lang='lat' dir='ltr'>et</span> <span class='ocrx_word' id='word_1_22' title='bbox 1255 494 1384 535; x_wconf 86' lang='lat' dir='ltr'>etiam</span> <span class='ocrx_word' id='word_1_23' title='bbox 1400 495 1443 535; x_wconf 89' lang='lat' dir='ltr'>in</span> <span class='ocrx_word' id='word_1_24' title='bbox 1461 494 1709 548; x_wconf 83' lang='lat' dir='ltr'>Aeschyleis</span> 
     </span>
     <span class='ocr_line' id='line_1_5' title="bbox 286 569 1709 625; baseline -0.003 -11"><span class='ocrx_word' id='word_1_25' title='bbox 286 573 492 614; x_wconf 82' lang='lat' dir='ltr'>dramatis</span> <span class='ocrx_word' id='word_1_26' title='bbox 540 587 564 612; x_wconf 87' lang='lat' dir='ltr'>a</span> <span class='ocrx_word' id='word_1_27' title='bbox 609 570 775 612; x_wconf 88' lang='lat' dir='ltr'>cunctis</span> <span class='ocrx_word' id='word_1_28' title='bbox 808 569 1089 611; x_wconf 85' lang='lat' dir='ltr'>histrionibus</span> <span class='ocrx_word' id='word_1_29' title='bbox 1123 569 1195 609; x_wconf 83' lang='lat' dir='ltr'>vix</span> <span class='ocrx_word' id='word_1_30' title='bbox 1226 569 1371 623; x_wconf 89' lang='lat' dir='ltr'>plures</span> <span class='ocrx_word' id='word_1_31' title='bbox 1402 584 1549 611; x_wconf 87' lang='lat' dir='ltr'>versus</span> <span class='ocrx_word' id='word_1_32' title='bbox 1581 584 1709 625; x_wconf 75' lang='lat' dir='ltr'>quani</span> 
     </span>
     <span class='ocr_line' id='line_1_6' title="bbox 285 644 1711 701; baseline -0.004 -11"><span class='ocrx_word' id='word_1_33' title='bbox 285 665 310 690; x_wconf 87' lang='lat' dir='ltr'>a</span> <span class='ocrx_word' id='word_1_34' title='bbox 356 649 481 690; x_wconf 88' lang='lat' dir='ltr'>choro</span> <span class='ocrx_word' id='word_1_35' title='bbox 528 646 819 701; x_wconf 86' lang='lat' dir='ltr'>proferantur,</span> <span class='ocrx_word' id='word_1_36' title='bbox 870 644 1099 700; x_wconf 73' lang='lat' dir='ltr'>Sophocles</span> <span class='ocrx_word' id='word_1_37' title='bbox 1150 644 1239 699; x_wconf 88' lang='lat' dir='ltr'>ejus</span> <span class='ocrx_word' id='word_1_38' title='bbox 1283 644 1450 686; x_wconf 87' lang='lat' dir='ltr'>cantica</span> <span class='ocrx_word' id='word_1_39' title='bbox 1496 645 1537 685; x_wconf 90' lang='lat' dir='ltr'>in</span> <span class='ocrx_word' id='word_1_40' title='bbox 1586 645 1711 699; x_wconf 83' lang='lat' dir='ltr'>longe</span> 
     </span>
     <span class='ocr_line' id='line_1_7' title="bbox 285 718 1713 777; baseline -0.003 -14"><span class='ocrx_word' id='word_1_41' title='bbox 285 722 552 777; x_wconf 81' lang='lat' dir='ltr'>angustiores</span> <span class='ocrx_word' id='word_1_42' title='bbox 601 721 709 763; x_wconf 85' lang='lat' dir='ltr'>fines</span> <span class='ocrx_word' id='word_1_43' title='bbox 756 721 907 776; x_wconf 77' lang='lat' dir='ltr'>coegit.</span> <span class='ocrx_word' id='word_1_44' title='bbox 975 720 1095 761; x_wconf 90' lang='lat' dir='ltr'>Idem</span> <span class='ocrx_word' id='word_1_45' title='bbox 1144 733 1241 760; x_wconf 92' lang='lat' dir='ltr'>vero</span> <span class='ocrx_word' id='word_1_46' title='bbox 1294 718 1366 760; x_wconf 90' lang='lat' dir='ltr'>isti</span> <span class='ocrx_word' id='word_1_47' title='bbox 1399 719 1713 773; x_wconf 85' lang='lat' dir='ltr'>dramaturgiae</span> 
     </span>
     <span class='ocr_line' id='line_1_8' title="bbox 286 792 1713 855; baseline -0.005 -16"><span class='ocrx_word' id='word_1_48' title='bbox 286 800 398 853; x_wconf 80' lang='lat' dir='ltr'>parti</span> <span class='ocrx_word' id='word_1_49' title='bbox 448 800 664 855; x_wconf 82' lang='lat' dir='ltr'>insignem</span> <span class='ocrx_word' id='word_1_50' title='bbox 697 796 911 853; x_wconf 84' lang='lat' dir='ltr'>quandam</span> <span class='ocrx_word' id='word_1_51' title='bbox 946 810 1090 837; x_wconf 87' lang='lat' dir='ltr'>curam</span> <span class='ocrx_word' id='word_1_52' title='bbox 1123 800 1342 849; x_wconf 79' lang='lat' dir='ltr'>artemque</span> <span class='ocrx_word' id='word_1_53' title='bbox 1374 792 1596 846; x_wconf 83' lang='lat' dir='ltr'>adhibuit,</span> <span class='ocrx_word' id='word_1_54' title='bbox 1631 806 1713 847; x_wconf 90' lang='lat' dir='ltr'>quo</span> 
     </span>
     <span class='ocr_line' id='line_1_9' title="bbox 286 867 1714 927; baseline -0.005 -13"><span class='ocrx_word' id='word_1_55' title='bbox 286 874 446 916; x_wconf 80' lang='lat' dir='ltr'>factum</span> <span class='ocrx_word' id='word_1_56' title='bbox 482 879 548 916; x_wconf 82' lang='lat' dir='ltr'>cst</span> <span class='ocrx_word' id='word_1_57' title='bbox 580 879 629 915; x_wconf 88' lang='lat' dir='ltr'>ut</span> <span class='ocrx_word' id='word_1_58' title='bbox 660 874 705 914; x_wconf 91' lang='lat' dir='ltr'>in</span> <span class='ocrx_word' id='word_1_59' title='bbox 737 872 827 927; x_wconf 88' lang='lat' dir='ltr'>ejus</span> <span class='ocrx_word' id='word_1_60' title='bbox 861 871 1090 927; x_wconf 86' lang='lat' dir='ltr'>tragoediis</span> <span class='ocrx_word' id='word_1_61' title='bbox 1123 869 1279 913; x_wconf 90' lang='lat' dir='ltr'>chorici</span> <span class='ocrx_word' id='word_1_62' title='bbox 1311 873 1462 910; x_wconf 84' lang='lat' dir='ltr'>cantus</span> <span class='ocrx_word' id='word_1_63' title='bbox 1482 882 1565 909; x_wconf 90' lang='lat' dir='ltr'>non</span> <span class='ocrx_word' id='word_1_64' title='bbox 1589 867 1714 908; x_wconf 86' lang='lat' dir='ltr'>modo</span> 
     </span>
     <span class='ocr_line' id='line_1_10' title="bbox 287 943 1713 1005; baseline -0.005 -16"><span class='ocrx_word' id='word_1_65' title='bbox 287 950 445 991; x_wconf 81' lang='lat' dir='ltr'>eximia</span> <span class='ocrx_word' id='word_1_66' title='bbox 477 963 609 1005; x_wconf 86' lang='lat' dir='ltr'>quum</span> <span class='ocrx_word' id='word_1_67' title='bbox 642 947 868 989; x_wconf 85' lang='lat' dir='ltr'>dulcedine</span> <span class='ocrx_word' id='word_1_68' title='bbox 901 953 993 988; x_wconf 87' lang='lat' dir='ltr'>tum</span> <span class='ocrx_word' id='word_1_69' title='bbox 1025 946 1238 1001; x_wconf 82' lang='lat' dir='ltr'>gravitate</span> <span class='ocrx_word' id='word_1_70' title='bbox 1271 949 1445 999; x_wconf 78' lang='lat' dir='ltr'>captent</span> <span class='ocrx_word' id='word_1_71' title='bbox 1467 943 1713 985; x_wconf 82' lang='lat' dir='ltr'>auditorum</span> 
     </span>
     <span class='ocr_line' id='line_1_11' title="bbox 288 1021 1717 1077; baseline -0.004 -13"><span class='ocrx_word' id='word_1_72' title='bbox 288 1024 477 1077; x_wconf 88' lang='lat' dir='ltr'>animos,</span> <span class='ocrx_word' id='word_1_73' title='bbox 514 1024 586 1066; x_wconf 86' lang='lat' dir='ltr'>sed</span> <span class='ocrx_word' id='word_1_74' title='bbox 620 1023 751 1065; x_wconf 84' lang='lat' dir='ltr'>etiam</span> <span class='ocrx_word' id='word_1_75' title='bbox 783 1036 881 1063; x_wconf 89' lang='lat' dir='ltr'>cum</span> <span class='ocrx_word' id='word_1_76' title='bbox 913 1021 1006 1076; x_wconf 86' lang='lat' dir='ltr'>ipso</span> <span class='ocrx_word' id='word_1_77' title='bbox 1036 1026 1289 1076; x_wconf 85' lang='lat' dir='ltr'>argumento</span> <span class='ocrx_word' id='word_1_78' title='bbox 1309 1026 1482 1074; x_wconf 86' lang='lat' dir='ltr'>totaque</span> <span class='ocrx_word' id='word_1_79' title='bbox 1503 1024 1717 1060; x_wconf 81' lang='lat' dir='ltr'>structura</span> 
     </span>
     <span class='ocr_line' id='line_1_12' title="bbox 292 1086 1713 1153; baseline -0.006 -12"><span class='ocrx_word' id='word_1_80' title='bbox 292 1099 533 1153; x_wconf 81' lang='lat' dir='ltr'>arctissime</span> <span class='ocrx_word' id='word_1_81' title='bbox 583 1098 672 1140; x_wconf 86' lang='lat' dir='ltr'>sint</span> <span class='ocrx_word' id='word_1_82' title='bbox 718 1095 899 1138; x_wconf 86' lang='lat' dir='ltr'>connexi</span> <span class='ocrx_word' id='word_1_83' title='bbox 948 1099 991 1136; x_wconf 85' lang='lat' dir='ltr'>et-</span> <span class='ocrx_word' id='word_1_84' title='bbox 1036 1094 1216 1137; x_wconf 89' lang='lat' dir='ltr'>feliciter</span> <span class='ocrx_word' id='word_1_85' title='bbox 1261 1093 1506 1148; x_wconf 85' lang='lat' dir='ltr'>conspirent</span> <span class='ocrx_word' id='word_1_86' title='bbox 1559 1086 1713 1134; x_wconf 88' lang='lat' dir='ltr'>omnia.</span> 
     </span>
     <span class='ocr_line' id='line_1_13' title="bbox 295 1168 1715 1228; baseline -0.005 -13"><span class='ocrx_word' id='word_1_87' title='bbox 295 1173 523 1228; x_wconf 85' lang='lat' dir='ltr'>Euripides</span> <span class='ocrx_word' id='word_1_88' title='bbox 571 1186 692 1225; x_wconf 76' lang='lat' dir='ltr'>vere,</span> <span class='ocrx_word' id='word_1_89' title='bbox 743 1171 814 1226; x_wconf 88' lang='lat' dir='ltr'>qui</span> <span class='ocrx_word' id='word_1_90' title='bbox 856 1171 955 1211; x_wconf 89' lang='lat' dir='ltr'>deos</span> <span class='ocrx_word' id='word_1_91' title='bbox 990 1184 1072 1210; x_wconf 89' lang='lat' dir='ltr'>non</span> <span class='ocrx_word' id='word_1_92' title='bbox 1107 1169 1191 1211; x_wconf 89' lang='lat' dir='ltr'>nisi</span> <span class='ocrx_word' id='word_1_93' title='bbox 1223 1168 1363 1223; x_wconf 84' lang='lat' dir='ltr'>poesis</span> <span class='ocrx_word' id='word_1_94' title='bbox 1397 1183 1496 1223; x_wconf 87' lang='lat' dir='ltr'>ergo</span> <span class='ocrx_word' id='word_1_95' title='bbox 1526 1168 1715 1219; x_wconf 80' lang='lat' dir='ltr'>colebat,</span> 
     </span>
     <span class='ocr_line' id='line_1_14' title="bbox 289 1243 1719 1299; baseline -0.003 -10"><span class='ocrx_word' id='word_1_96' title='bbox 289 1248 357 1289; x_wconf 79' lang='lat' dir='ltr'>cui</span> <span class='ocrx_word' id='word_1_97' title='bbox 402 1248 549 1289; x_wconf 89' lang='lat' dir='ltr'>heroes</span> <span class='ocrx_word' id='word_1_98' title='bbox 598 1246 669 1287; x_wconf 80' lang='lat' dir='ltr'>vix</span> <span class='ocrx_word' id='word_1_99' title='bbox 717 1245 833 1286; x_wconf 83' lang='lat' dir='ltr'>aliud</span> <span class='ocrx_word' id='word_1_100' title='bbox 880 1249 1001 1286; x_wconf 85' lang='lat' dir='ltr'>erant</span> <span class='ocrx_word' id='word_1_101' title='bbox 1048 1258 1173 1299; x_wconf 81' lang='lat' dir='ltr'>quan]</span> <span class='ocrx_word' id='word_1_102' title='bbox 1224 1243 1417 1298; x_wconf 82' lang='lat' dir='ltr'>supellex</span> <span class='ocrx_word' id='word_1_103' title='bbox 1455 1243 1641 1298; x_wconf 79' lang='lat' dir='ltr'>tragica,</span> <span class='ocrx_word' id='word_1_104' title='bbox 1676 1248 1719 1284; x_wconf 83' lang='lat' dir='ltr'>et</span> 
     </span>
     <span class='ocr_line' id='line_1_15' title="bbox 291 1317 1719 1378; baseline -0.004 -15"><span class='ocrx_word' id='word_1_105' title='bbox 291 1337 415 1378; x_wconf 86' lang='lat' dir='ltr'>quem</span> <span class='ocrx_word' id='word_1_106' title='bbox 466 1320 610 1362; x_wconf 86' lang='lat' dir='ltr'>omnia</span> <span class='ocrx_word' id='word_1_107' title='bbox 643 1323 857 1361; x_wconf 89' lang='lat' dir='ltr'>testantur</span> <span class='ocrx_word' id='word_1_108' title='bbox 892 1318 1031 1373; x_wconf 85' lang='lat' dir='ltr'>magis</span> <span class='ocrx_word' id='word_1_109' title='bbox 1065 1318 1391 1373; x_wconf 84' lang='lat' dir='ltr'>cosmopolitam</span> <span class='ocrx_word' id='word_1_110' title='bbox 1424 1332 1551 1373; x_wconf 86' lang='lat' dir='ltr'>quam</span> <span class='ocrx_word' id='word_1_111' title='bbox 1583 1317 1719 1358; x_wconf 85' lang='lat' dir='ltr'>civem</span> 
     </span>
     <span class='ocr_line' id='line_1_16' title="bbox 290 1393 1720 1450; baseline -0.003 -11"><span class='ocrx_word' id='word_1_112' title='bbox 290 1398 423 1440; x_wconf 84' lang='lat' dir='ltr'>fuisse</span> <span class='ocrx_word' id='word_1_113' title='bbox 455 1396 676 1449; x_wconf 88' lang='lat' dir='ltr'>Atticum,</span> <span class='ocrx_word' id='word_1_114' title='bbox 711 1394 814 1450; x_wconf 90' lang='lat' dir='ltr'>quid</span> <span class='ocrx_word' id='word_1_115' title='bbox 846 1393 1004 1436; x_wconf 86' lang='lat' dir='ltr'>faceret</span> <span class='ocrx_word' id='word_1_116' title='bbox 1035 1394 1191 1435; x_wconf 79' lang='lat' dir='ltr'>choro?</span> <span class='ocrx_word' id='word_1_117' title='bbox 1224 1393 1440 1435; x_wconf 92' lang='lat' dir='ltr'>Lubenter</span> <span class='ocrx_word' id='word_1_118' title='bbox 1470 1394 1560 1434; x_wconf 88' lang='lat' dir='ltr'>sine</span> <span class='ocrx_word' id='word_1_119' title='bbox 1591 1393 1720 1434; x_wconf 91' lang='lat' dir='ltr'>dubio</span> 
     </span>
     <span class='ocr_line' id='line_1_17' title="bbox 292 1467 1719 1523; baseline -0.004 -9"><span class='ocrx_word' id='word_1_120' title='bbox 292 1471 562 1521; x_wconf 84' lang='lat' dir='ltr'>sustulisset3</span> <span class='ocrx_word' id='word_1_121' title='bbox 612 1469 686 1511; x_wconf 88' lang='lat' dir='ltr'>sed</span> <span class='ocrx_word' id='word_1_122' title='bbox 732 1468 903 1510; x_wconf 87' lang='lat' dir='ltr'>obstitit</span> <span class='ocrx_word' id='word_1_123' title='bbox 947 1467 1155 1523; x_wconf 85' lang='lat' dir='ltr'>quaedam</span> <span class='ocrx_word' id='word_1_124' title='bbox 1200 1467 1289 1522; x_wconf 86' lang='lat' dir='ltr'>ejus</span> <span class='ocrx_word' id='word_1_125' title='bbox 1323 1467 1472 1522; x_wconf 86' lang='lat' dir='ltr'>religio</span> <span class='ocrx_word' id='word_1_126' title='bbox 1506 1468 1570 1509; x_wconf 89' lang='lat' dir='ltr'>vel</span> <span class='ocrx_word' id='word_1_127' title='bbox 1602 1468 1719 1509; x_wconf 88' lang='lat' dir='ltr'>timi-</span> 
     </span>
     <span class='ocr_line' id='line_1_18' title="bbox 293 1542 1721 1595; baseline -0.002 -8"><span class='ocrx_word' id='word_1_128' title='bbox 293 1547 416 1587; x_wconf 78' lang='lat' dir='ltr'>ditas.</span> <span class='ocrx_word' id='word_1_129' title='bbox 457 1544 598 1587; x_wconf 84' lang='lat' dir='ltr'>Semel</span> <span class='ocrx_word' id='word_1_130' title='bbox 630 1548 775 1586; x_wconf 84' lang='lat' dir='ltr'>autem</span> <span class='ocrx_word' id='word_1_131' title='bbox 807 1544 852 1584; x_wconf 90' lang='lat' dir='ltr'>in</span> <span class='ocrx_word' id='word_1_132' title='bbox 886 1557 1057 1585; x_wconf 89' lang='lat' dir='ltr'>scenam</span> <span class='ocrx_word' id='word_1_133' title='bbox 1090 1542 1328 1595; x_wconf 83' lang='lat' dir='ltr'>admissus,</span> <span class='ocrx_word' id='word_1_134' title='bbox 1365 1543 1598 1584; x_wconf 86' lang='lat' dir='ltr'>videndum</span> <span class='ocrx_word' id='word_1_135' title='bbox 1631 1548 1721 1584; x_wconf 87' lang='lat' dir='ltr'>erat</span> 
     </span>
     <span class='ocr_line' id='line_1_19' title="bbox 295 1617 1720 1673; baseline -0.003 -11"><span class='ocrx_word' id='word_1_136' title='bbox 295 1628 341 1662; x_wconf 89' lang='lat' dir='ltr'>ut</span> <span class='ocrx_word' id='word_1_137' title='bbox 388 1635 440 1662; x_wconf 89' lang='lat' dir='ltr'>ne</span> <span class='ocrx_word' id='word_1_138' title='bbox 486 1620 638 1661; x_wconf 90' lang='lat' dir='ltr'>chorus</span> <span class='ocrx_word' id='word_1_139' title='bbox 690 1618 789 1672; x_wconf 89' lang='lat' dir='ltr'>ille,</span> <span class='ocrx_word' id='word_1_140' title='bbox 832 1617 903 1672; x_wconf 90' lang='lat' dir='ltr'>qui</span> <span class='ocrx_word' id='word_1_141' title='bbox 936 1617 1050 1672; x_wconf 88' lang='lat' dir='ltr'>quod</span> <span class='ocrx_word' id='word_1_142' title='bbox 1081 1623 1226 1672; x_wconf 86' lang='lat' dir='ltr'>ageret</span> <span class='ocrx_word' id='word_1_143' title='bbox 1259 1618 1330 1658; x_wconf 85' lang='lat' dir='ltr'>vix</span> <span class='ocrx_word' id='word_1_144' title='bbox 1363 1618 1559 1671; x_wconf 86' lang='lat' dir='ltr'>haberet,</span> <span class='ocrx_word' id='word_1_145' title='bbox 1593 1617 1720 1673; x_wconf 88' lang='lat' dir='ltr'>plane</span> 
     </span>
     <span class='ocr_line' id='line_1_20' title="bbox 294 1692 1723 1750; baseline -0.003 -13"><span class='ocrx_word' id='word_1_146' title='bbox 294 1695 433 1750; x_wconf 80' lang='grc' dir='ltr'>κωφὸν</span> <span class='ocrx_word' id='word_1_147' title='bbox 491 1695 723 1736; x_wconf 88' lang='lat' dir='ltr'>sustineret</span> <span class='ocrx_word' id='word_1_148' title='bbox 775 1695 1016 1748; x_wconf 82' lang='grc' dir='ltr'>πρόςωπον.</span> <span class='ocrx_word' id='word_1_149' title='bbox 1084 1692 1166 1734; x_wconf 79' lang='lat' dir='ltr'>Sed</span> <span class='ocrx_word' id='word_1_150' title='bbox 1211 1707 1297 1734; x_wconf 88' lang='lat' dir='ltr'>non</span> <span class='ocrx_word' id='word_1_151' title='bbox 1346 1693 1450 1734; x_wconf 82' lang='lat' dir='ltr'>satis</span> <span class='ocrx_word' id='word_1_152' title='bbox 1497 1692 1723 1747; x_wconf 89' lang='lat' dir='ltr'>perpendit</span> 
     </span>
     <span class='ocr_line' id='line_1_21' title="bbox 302 1767 1723 1823; baseline 0 -15"><span class='ocrx_word' id='word_1_153' title='bbox 302 1768 523 1823; x_wconf 78' lang='lat' dir='ltr'>Euripides</span> <span class='ocrx_word' id='word_1_154' title='bbox 581 1769 843 1811; x_wconf 86' lang='lat' dir='ltr'>orchestram</span> <span class='ocrx_word' id='word_1_155' title='bbox 893 1768 987 1809; x_wconf 91' lang='lat' dir='ltr'>ideo</span> <span class='ocrx_word' id='word_1_156' title='bbox 1035 1767 1220 1809; x_wconf 88' lang='lat' dir='ltr'>vicinam</span> <span class='ocrx_word' id='word_1_157' title='bbox 1272 1782 1363 1808; x_wconf 88' lang='lat' dir='ltr'>esse</span> <span class='ocrx_word' id='word_1_158' title='bbox 1409 1767 1629 1821; x_wconf 86' lang='lat' dir='ltr'>proscenio</span> <span class='ocrx_word' id='word_1_159' title='bbox 1674 1773 1723 1808; x_wconf 85' lang='lat' dir='ltr'>ut</span> 
     </span>
     <span class='ocr_line' id='line_1_22' title="bbox 296 1841 1723 1898; baseline -0.001 -14"><span class='ocrx_word' id='word_1_160' title='bbox 296 1858 402 1898; x_wconf 80' lang='lat' dir='ltr'>quac</span> <span class='ocrx_word' id='word_1_161' title='bbox 448 1844 492 1884; x_wconf 92' lang='lat' dir='ltr'>in</span> <span class='ocrx_word' id='word_1_162' title='bbox 543 1857 592 1884; x_wconf 89' lang='lat' dir='ltr'>ea</span> <span class='ocrx_word' id='word_1_163' title='bbox 639 1847 847 1885; x_wconf 82' lang='lat' dir='ltr'>canantur</span> <span class='ocrx_word' id='word_1_164' title='bbox 893 1847 1007 1884; x_wconf 86' lang='lat' dir='ltr'>arcte</span> <span class='ocrx_word' id='word_1_165' title='bbox 1051 1857 1148 1884; x_wconf 90' lang='lat' dir='ltr'>cum</span> <span class='ocrx_word' id='word_1_166' title='bbox 1198 1842 1457 1883; x_wconf 86' lang='lat' dir='ltr'>histrionum</span> <span class='ocrx_word' id='word_1_167' title='bbox 1506 1841 1631 1883; x_wconf 88' lang='lat' dir='ltr'>dictis</span> <span class='ocrx_word' id='word_1_168' title='bbox 1680 1846 1723 1883; x_wconf 89' lang='lat' dir='ltr'>et</span> 
     </span>
     <span class='ocr_line' id='line_1_23' title="bbox 300 1917 1721 1972; baseline -0.001 -13"><span class='ocrx_word' id='word_1_169' title='bbox 300 1919 466 1959; x_wconf 78' lang='lat' dir='ltr'>actione</span> <span class='ocrx_word' id='word_1_170' title='bbox 499 1919 767 1971; x_wconf 78' lang='lat' dir='ltr'>cohaereant,</span> <span class='ocrx_word' id='word_1_171' title='bbox 802 1932 939 1972; x_wconf 87' lang='lat' dir='ltr'>neque</span> <span class='ocrx_word' id='word_1_172' title='bbox 973 1917 1105 1972; x_wconf 85' lang='lat' dir='ltr'>igitur</span> <span class='ocrx_word' id='word_1_173' title='bbox 1137 1917 1249 1958; x_wconf 91' lang='lat' dir='ltr'>hunc</span> <span class='ocrx_word' id='word_1_174' title='bbox 1288 1931 1413 1958; x_wconf 89' lang='lat' dir='ltr'>usum</span> <span class='ocrx_word' id='word_1_175' title='bbox 1445 1931 1569 1970; x_wconf 83' lang='lat' dir='ltr'>posse</span> <span class='ocrx_word' id='word_1_176' title='bbox 1598 1932 1721 1972; x_wconf 85' lang='lat' dir='ltr'>prae-</span> 
     </span>
     <span class='ocr_line' id='line_1_24' title="bbox 297 1991 1724 2048; baseline 0 -14"><span class='ocrx_word' id='word_1_177' title='bbox 297 1994 419 2046; x_wconf 83' lang='lat' dir='ltr'>bere,</span> <span class='ocrx_word' id='word_1_178' title='bbox 467 1998 515 2034; x_wconf 88' lang='lat' dir='ltr'>ut</span> <span class='ocrx_word' id='word_1_179' title='bbox 557 1996 685 2048; x_wconf 86' lang='lat' dir='ltr'>poeta</span> <span class='ocrx_word' id='word_1_180' title='bbox 720 1992 810 2047; x_wconf 87' lang='lat' dir='ltr'>ejus</span> <span class='ocrx_word' id='word_1_181' title='bbox 846 1992 1086 2033; x_wconf 89' lang='lat' dir='ltr'>ministerio</span> <span class='ocrx_word' id='word_1_182' title='bbox 1123 2006 1243 2033; x_wconf 83' lang='lat' dir='ltr'>suam</span> <span class='ocrx_word' id='word_1_183' title='bbox 1281 1993 1325 2032; x_wconf 84' lang='lat' dir='ltr'>in</span> <span class='ocrx_word' id='word_1_184' title='bbox 1363 1991 1500 2033; x_wconf 85' lang='lat' dir='ltr'>verbis</span> <span class='ocrx_word' id='word_1_185' title='bbox 1536 1992 1724 2047; x_wconf 81' lang='lat' dir='ltr'>ligandis</span> 
     </span>
     <span class='ocr_line' id='line_1_25' title="bbox 298 2066 1721 2124; baseline 0 -15"><span class='ocrx_word' id='word_1_186' title='bbox 298 2068 522 2124; x_wconf 85' lang='lat' dir='ltr'>modisque</span> <span class='ocrx_word' id='word_1_187' title='bbox 553 2067 769 2123; x_wconf 86' lang='lat' dir='ltr'>fingendis</span> <span class='ocrx_word' id='word_1_188' title='bbox 803 2071 992 2108; x_wconf 87' lang='lat' dir='ltr'>ostentet</span> <span class='ocrx_word' id='word_1_189' title='bbox 1022 2070 1174 2116; x_wconf 84' lang='lat' dir='ltr'>artem,</span> <span class='ocrx_word' id='word_1_190' title='bbox 1208 2081 1315 2121; x_wconf 87' lang='lat' dir='ltr'>quae</span> <span class='ocrx_word' id='word_1_191' title='bbox 1347 2067 1543 2122; x_wconf 88' lang='lat' dir='ltr'>quamvis</span> <span class='ocrx_word' id='word_1_192' title='bbox 1572 2066 1721 2122; x_wconf 84' lang='lat' dir='ltr'>singu-</span> 
     </span>
     <span class='ocr_line' id='line_1_26' title="bbox 298 2141 1722 2197; baseline 0.001 -14"><span class='ocrx_word' id='word_1_193' title='bbox 298 2142 400 2183; x_wconf 79' lang='lat' dir='ltr'>laris</span> <span class='ocrx_word' id='word_1_194' title='bbox 433 2146 476 2184; x_wconf 87' lang='lat' dir='ltr'>et</span> <span class='ocrx_word' id='word_1_195' title='bbox 506 2142 742 2197; x_wconf 83' lang='lat' dir='ltr'>praeclara,</span> <span class='ocrx_word' id='word_1_196' title='bbox 776 2141 809 2183; x_wconf 90' lang='lat' dir='ltr'>si</span> <span class='ocrx_word' id='word_1_197' title='bbox 845 2145 965 2183; x_wconf 82' lang='lat' dir='ltr'>extra</span> <span class='ocrx_word' id='word_1_198' title='bbox 996 2141 1167 2183; x_wconf 84' lang='lat' dir='ltr'>fabulae</span> <span class='ocrx_word' id='word_1_199' title='bbox 1198 2141 1359 2184; x_wconf 89' lang='lat' dir='ltr'>limites</span> <span class='ocrx_word' id='word_1_200' title='bbox 1392 2146 1586 2197; x_wconf 85' lang='lat' dir='ltr'>vagetur,</span> <span class='ocrx_word' id='word_1_201' title='bbox 1613 2142 1722 2184; x_wconf 91' lang='lat' dir='ltr'>nihil</span> 
     </span>
     <span class='ocr_line' id='line_1_27' title="bbox 300 2216 1170 2273; baseline -0.001 -14"><span class='ocrx_word' id='word_1_202' title='bbox 300 2217 500 2259; x_wconf 86' lang='lat' dir='ltr'>conducit</span> <span class='ocrx_word' id='word_1_203' title='bbox 531 2225 767 2273; x_wconf 83' lang='lat' dir='ltr'>parumque</span> <span class='ocrx_word' id='word_1_204' title='bbox 799 2216 940 2258; x_wconf 89' lang='lat' dir='ltr'>laudis</span> <span class='ocrx_word' id='word_1_205' title='bbox 974 2219 1170 2258; x_wconf 85' lang='lat' dir='ltr'>meretur.</span> 
     </span>
    </p>

    <p class='ocr_par' dir='ltr' id='par_1_3' title="bbox 302 2290 1728 2795">
     <span class='ocr_line' id='line_1_28' title="bbox 363 2290 1723 2347; baseline 0 -14"><span class='ocrx_word' id='word_1_206' title='bbox 363 2293 447 2334; x_wconf 79' lang='lat' dir='ltr'>Diu</span> <span class='ocrx_word' id='word_1_207' title='bbox 490 2292 670 2334; x_wconf 83' lang='lat' dir='ltr'>miratus</span> <span class='ocrx_word' id='word_1_208' title='bbox 704 2306 800 2333; x_wconf 90' lang='lat' dir='ltr'>sum</span> <span class='ocrx_word' id='word_1_209' title='bbox 833 2291 946 2347; x_wconf 89' lang='lat' dir='ltr'>quod</span> <span class='ocrx_word' id='word_1_210' title='bbox 978 2291 1058 2333; x_wconf 89' lang='lat' dir='ltr'>hac</span> <span class='ocrx_word' id='word_1_211' title='bbox 1090 2291 1142 2332; x_wconf 89' lang='lat' dir='ltr'>de</span> <span class='ocrx_word' id='word_1_212' title='bbox 1174 2305 1218 2333; x_wconf 87' lang='lat' dir='ltr'>re</span> <span class='ocrx_word' id='word_1_213' title='bbox 1250 2290 1419 2333; x_wconf 89' lang='lat' dir='ltr'>nullum</span> <span class='ocrx_word' id='word_1_214' title='bbox 1452 2292 1591 2334; x_wconf 90' lang='lat' dir='ltr'>locum</span> <span class='ocrx_word' id='word_1_215' title='bbox 1624 2292 1723 2333; x_wconf 90' lang='lat' dir='ltr'>Ari—</span> 
     </span>
     <span class='ocr_line' id='line_1_29' title="bbox 302 2366 1727 2422; baseline 0 -13"><span class='ocrx_word' id='word_1_216' title='bbox 302 2369 586 2422; x_wconf 85' lang='lat' dir='ltr'>stophaneum</span> <span class='ocrx_word' id='word_1_217' title='bbox 620 2367 855 2408; x_wconf 88' lang='lat' dir='ltr'>invenirem</span> <span class='ocrx_word' id='word_1_218' title='bbox 873 2399 883 2419; x_wconf 90' lang='lat'>,</span> <span class='ocrx_word' id='word_1_219' title='bbox 918 2381 1051 2422; x_wconf 89' lang='lat' dir='ltr'>quum</span> <span class='ocrx_word' id='word_1_220' title='bbox 1073 2380 1157 2407; x_wconf 91' lang='lat' dir='ltr'>non</span> <span class='ocrx_word' id='word_1_221' title='bbox 1176 2367 1356 2408; x_wconf 89' lang='lat' dir='ltr'>dubium</span> <span class='ocrx_word' id='word_1_222' title='bbox 1384 2366 1491 2408; x_wconf 89' lang='lat' dir='ltr'>mihi</span> <span class='ocrx_word' id='word_1_223' title='bbox 1513 2367 1727 2409; x_wconf 84' lang='lat' dir='ltr'>videretur</span> 
     </span>
     <span class='ocr_line' id='line_1_30' title="bbox 303 2441 1725 2497; baseline 0.001 -16"><span class='ocrx_word' id='word_1_224' title='bbox 303 2442 404 2496; x_wconf 87' lang='lat' dir='ltr'>quin</span> <span class='ocrx_word' id='word_1_225' title='bbox 439 2442 613 2495; x_wconf 73' lang='lat' dir='ltr'>lynceus</span> <span class='ocrx_word' id='word_1_226' title='bbox 648 2442 719 2482; x_wconf 86' lang='lat' dir='ltr'>ille</span> <span class='ocrx_word' id='word_1_227' title='bbox 751 2441 922 2483; x_wconf 87' lang='lat' dir='ltr'>criticus</span> <span class='ocrx_word' id='word_1_228' title='bbox 954 2441 1031 2483; x_wconf 87' lang='lat' dir='ltr'>hoc</span> <span class='ocrx_word' id='word_1_229' title='bbox 1064 2456 1231 2496; x_wconf 85' lang='lat' dir='ltr'>quoquc</span> <span class='ocrx_word' id='word_1_230' title='bbox 1256 2441 1410 2483; x_wconf 89' lang='lat' dir='ltr'>vitium</span> <span class='ocrx_word' id='word_1_231' title='bbox 1434 2442 1477 2482; x_wconf 85' lang='lat' dir='ltr'>in</span> <span class='ocrx_word' id='word_1_232' title='bbox 1507 2442 1725 2497; x_wconf 86' lang='lat' dir='ltr'>Euripidis</span> 
     </span>
     <span class='ocr_line' id='line_1_31' title="bbox 304 2516 1725 2571; baseline 0.001 -14"><span class='ocrx_word' id='word_1_233' title='bbox 304 2516 534 2571; x_wconf 81' lang='lat' dir='ltr'>tragoediis</span> <span class='ocrx_word' id='word_1_234' title='bbox 568 2517 903 2570; x_wconf 82' lang='lat' dir='ltr'>deprehenderit.</span> <span class='ocrx_word' id='word_1_235' title='bbox 940 2516 1127 2557; x_wconf 85' lang='lat' dir='ltr'>Tandem</span> <span class='ocrx_word' id='word_1_236' title='bbox 1160 2516 1289 2558; x_wconf 90' lang='lat' dir='ltr'>incidi</span> <span class='ocrx_word' id='word_1_237' title='bbox 1320 2517 1361 2557; x_wconf 90' lang='lat' dir='ltr'>in</span> <span class='ocrx_word' id='word_1_238' title='bbox 1387 2517 1725 2558; x_wconf 83' lang='lat' dir='ltr'>Acharncnsium</span> 
     </span>
     <span class='ocr_line' id='line_1_32' title="bbox 303 2591 1726 2646; baseline 0.001 -14"><span class='ocrx_word' id='word_1_239' title='bbox 303 2606 473 2632; x_wconf 77' lang='lat' dir='ltr'>vorsum</span> <span class='ocrx_word' id='word_1_240' title='bbox 506 2592 615 2645; x_wconf 80' lang='lat'>443,</span> <span class='ocrx_word' id='word_1_241' title='bbox 648 2591 743 2645; x_wconf 81' lang='lat' dir='ltr'>ubi,</span> <span class='ocrx_word' id='word_1_242' title='bbox 780 2591 822 2632; x_wconf 91' lang='lat' dir='ltr'>in</span> <span class='ocrx_word' id='word_1_243' title='bbox 862 2591 1045 2632; x_wconf 81' lang='lat' dir='ltr'>transitu</span> <span class='ocrx_word' id='word_1_244' title='bbox 1075 2597 1216 2632; x_wconf 80' lang='lat' dir='ltr'>tamen</span> <span class='ocrx_word' id='word_1_245' title='bbox 1251 2596 1294 2633; x_wconf 89' lang='lat' dir='ltr'>ct</span> <span class='ocrx_word' id='word_1_246' title='bbox 1327 2592 1546 2646; x_wconf 83' lang='lat' dir='ltr'>aliquanto</span> <span class='ocrx_word' id='word_1_247' title='bbox 1574 2592 1726 2634; x_wconf 83' lang='lat' dir='ltr'>obscu-</span> 
     </span>
     <span class='ocr_line' id='line_1_33' title="bbox 305 2666 1728 2723; baseline 0.001 -16"><span class='ocrx_word' id='word_1_248' title='bbox 305 2667 407 2717; x_wconf 81' lang='lat' dir='ltr'>rius,</span> <span class='ocrx_word' id='word_1_249' title='bbox 440 2666 551 2708; x_wconf 84' lang='lat' dir='ltr'>ridet</span> <span class='ocrx_word' id='word_1_250' title='bbox 584 2666 864 2720; x_wconf 85' lang='lat' dir='ltr'>Euripideum</span> <span class='ocrx_word' id='word_1_251' title='bbox 899 2667 1088 2718; x_wconf 80' lang='lat' dir='ltr'>chorum,</span> <span class='ocrx_word' id='word_1_252' title='bbox 1122 2681 1251 2721; x_wconf 87' lang='lat' dir='ltr'>quum</span> <span class='ocrx_word' id='word_1_253' title='bbox 1277 2667 1381 2708; x_wconf 86' lang='lat' dir='ltr'>dicit</span> <span class='ocrx_word' id='word_1_254' title='bbox 1402 2669 1500 2715; x_wconf 76' lang='grc' dir='ltr'>τοὺς</span> <span class='ocrx_word' id='word_1_255' title='bbox 1528 2669 1728 2723; x_wconf 60' lang='grc' dir='ltr'>χορευτὰς</span> 
     </span>
     <span class='ocr_line' id='line_1_34' title="bbox 304 2739 784 2795; baseline 0 -14"><span class='ocrx_word' id='word_1_256' title='bbox 304 2739 493 2789; x_wconf 72' lang='grc' dir='ltr'>ἠλιθίους</span> <span class='ocrx_word' id='word_1_257' title='bbox 522 2741 784 2795; x_wconf 72' lang='grc' dir='ltr'>παρεστάναι·</span> 
     </span>
    </p>

    <p class='ocr_par' dir='ltr' id='par_1_4' title="bbox 366 2813 1725 2870">
     <span class='ocr_line' id='line_1_35' title="bbox 366 2813 1725 2870; baseline 0.002 -16"><span class='ocrx_word' id='word_1_258' title='bbox 366 2814 526 2854; x_wconf 83' lang='lat' dir='ltr'>Iterum</span> <span class='ocrx_word' id='word_1_259' title='bbox 576 2813 642 2854; x_wconf 84' lang='lat' dir='ltr'>hic</span> <span class='ocrx_word' id='word_1_260' title='bbox 688 2817 857 2867; x_wconf 73' lang='lat' dir='ltr'>apparet</span> <span class='ocrx_word' id='word_1_261' title='bbox 916 2813 1134 2867; x_wconf 81' lang='lat' dir='ltr'>Euripidis</span> <span class='ocrx_word' id='word_1_262' title='bbox 1189 2813 1230 2854; x_wconf 89' lang='lat' dir='ltr'>in</span> <span class='ocrx_word' id='word_1_263' title='bbox 1280 2815 1430 2855; x_wconf 73' lang='lat' dir='ltr'>veteris</span> <span class='ocrx_word' id='word_1_264' title='bbox 1484 2816 1725 2870; x_wconf 70' lang='lat' dir='ltr'>tragoediae</span> 
     </span>
    </p>
   </div>
   <div class='ocr_carea' id='block_1_3' title="bbox 308 2887 1726 2945">
    <p class='ocr_par' dir='ltr' id='par_1_5' title="bbox 308 2887 1726 2945">
     <span class='ocr_line' id='line_1_36' title="bbox 308 2887 1726 2945; baseline 0.002 -15"><span class='ocrx_word' id='word_1_265' title='bbox 308 2889 471 2944; x_wconf 69' lang='lat' dir='ltr'>legibus</span> <span class='ocrx_word' id='word_1_266' title='bbox 506 2887 723 2930; x_wconf 69' lang='lat' dir='ltr'>mutandis</span> <span class='ocrx_word' id='word_1_267' title='bbox 761 2888 1063 2939; x_wconf 60' lang='lat' dir='ltr'>irffwtunium,</span> <span class='ocrx_word' id='word_1_268' title='bbox 1088 2888 1184 2942; x_wconf 77' lang='lat' dir='ltr'>qui,</span> <span class='ocrx_word' id='word_1_269' title='bbox 1217 2903 1468 2944; x_wconf 78' lang='lat' dir='ltr'>quacunque</span> <span class='ocrx_word' id='word_1_270' title='bbox 1489 2905 1512 2931; x_wconf 77' lang='lat' dir='ltr'>a</span> <span class='ocrx_word' id='word_1_271' title='bbox 1536 2905 1726 2945; x_wconf 78' lang='lat' dir='ltr'>praeces-</span> 
     </span>
    </p>
   </div>
  </div>
 </body>
</html>
