1956 3346
933 223 1007 262 117

257 343 399 385 Habet
443 342 557 384 enim
604 343 744 384 nescio
788 344 890 399 quid
924 343 1185 398 voluptatis,
1220 344 1254 385 si
1289 344 1396 385 serio
1428 344 1542 385 dieta
1581 359 1679 386 con·

254 422 477 459 vertuntur
522 416 565 457 in
599 431 772 459 sensnm
811 417 1049 469 ludicrum,
1083 418 1444 473 quemadmodum
1478 418 1677 461 delectari

253 491 439 533 solemus
493 497 641 533 notum
695 493 730 534 si
778 492 933 534 callida
981 493 1155 533 verbnm
1206 493 1439 535 reddiderit
1477 494 1681 547 junctura

252 579 408 607 novum
437 566 462 606 ¹.

514 566 637 617 Quod
669 573 813 608 autem
849 566 1100 622 Euripidem
1135 566 1262 621 longe
1294 568 1464 621 saepius
1498 567 1678 623 παρῳὲεῑ

251 640 437 683 comicus
480 656 621 698 quaml
652 642 836 697 reliquos
881 648 1058 683 cunctos
1092 648 1265 696 poetas,
1303 641 1342 682 id
1381 641 1561 685 fortasse
1594 658 1675 684 non

253 715 346 757 ideo
379 717 518 772 magis
551 716 652 758 fecit
683 717 797 772 quod
831 731 928 758 eum
963 730 1063 771 prae
1095 716 1270 771 reliquis
1303 716 1468 758 ridendi
1508 719 1672 772 copiam

252 791 350 833 dare
389 797 603 845 censeret,
652 806 781 847 quam
814 791 927 847 quod
960 790 1051 845 ejus
1084 791 1279 833 dramata
1310 792 1503 833 omnium
1539 793 1677 834 multo

252 873 395 908 essent
427 866 677 920 notissima,
712 871 759 908 ut
791 865 995 922 quicquid
1027 866 1081 907 ad
1113 881 1161 907 ea
1194 866 1455 909 alluderetur
1475 868 1678 909 facillimo

253 946 398 996 posset
431 941 616 996 intelligi
636 941 663 982 Ξ.
702 941 760 982 Et
793 941 870 982 hac
903 941 1075 996 quidem
1110 941 1151 982 in
1185 956 1249 994 re,
1285 941 1322 983 si
1350 956 1530 997 usquam
1561 943 1679 993 alibi,

253 1015 439 1057 admiror
461 1017 740 1071 sagacitatem
775 1023 1010 1072 natumque
1043 1015 1096 1058 ad
1129 1016 1275 1058 literas
1300 1016 1523 1072 ingenium
1542 1018 1681 1060 homi-

254 1105 357 1132 num
388 1090 688 1141 Atticorum³;
723 1095 772 1133 ut
802 1091 917 1133 enim
951 1095 1039 1133 tam
1073 1091 1243 1133 crebrae
1275 1106 1474 1134 versuum
1495 1094 1680 1149 tragico-

254 1179 348 1206 rum
382 1165 645 1209 imitationes
678 1166 916 1222 placerent,
952 1181 1123 1209 necesse
1141 1173 1232 1209 erat
1248 1182 1332 1209 non
1349 1167 1494 1209 minus
1510 1175 1679 1223 specta-

255 1247 395 1283 torum
423 1256 550 1297 quam
583 1242 718 1297 ipsius
750 1247 899 1296 poetae
932 1241 1080 1283 comici
1115 1242 1259 1283 animo
1291 1242 1617 1285 obversarentur
1634 1258 1683 1285 ea

254 1315 347 1358 loca
374 1330 499 1371 saepe
527 1316 599 1358 vix
629 1316 837 1358 notabilia
865 1322 908 1358 et
928 1315 1123 1358 difficilia
1151 1317 1328 1371 agnitu3
1350 1332 1449 1358 nam
1465 1331 1518 1359 ne
1534 1317 1682 1374 loquar

255 1391 306 1432 de
323 1392 507 1434 mustela
524 1407 545 1434 e
560 1391 760 1434 fluctibus
777 1398 1020 1447 emergente
1034 1425 1044 1445 ‚
1065 1407 1172 1447 quae
1191 1398 1332 1435 tantos
1356 1393 1492 1435 movit
1507 1393 1679 1436 cachin-

257 1480 332 1508 nos
354 1466 392 1519 ⁴,
425 1466 491 1508 vel
534 1468 586 1508 de
616 1466 766 1522 lingua
799 1466 1027 1522 Hippolyti
1055 1467 1229 1521 jurante
1261 1466 1341 1522 ἰδίᾳ
1370 1476 1442 1517 τῆς
1473 1471 1624 1525 φρενός
1644 1471 1679 1518 ⁵,

255 1540 399 1596 qualia
440 1555 632 1583 sermone
677 1540 826 1596 populi
863 1547 1033 1596 recepta
1069 1541 1263 1584 abierant
1297 1542 1339 1583 in
1378 1543 1682 1598 proverbium⁶

256 1616 501 1672 neminique
533 1632 632 1673 ergo
654 1617 803 1673 ignota.
834 1633 926 1660 esse
947 1624 1168 1673 poterant,
1194 1643 1251 1649 —
1269 1624 1314 1660 at
1333 1619 1558 1673 permultis
1577 1620 1679 1660 locis

255 1691 582 1747 Aristophaneis
628 1707 773 1735 versus
811 1693 1032 1748 Euripidis
1065 1701 1303 1749 tanguntur
1332 1694 1440 1735 nihil
1468 1694 1680 1750 peculiare

256 1766 463 1810 habentes
491 1781 575 1823 quo
606 1768 826 1810 haererent
841 1768 1110 1810 audientium
1129 1770 1369 1811 memoriae.
1407 1769 1452 1812 Si
1468 1783 1563 1811 cum
1584 1769 1679 1812 istis

257 1847 346 1882 tam
388 1847 612 1884 emunctae
647 1843 761 1885 naris
785 1843 1095 1898 spectatoribus
1124 1858 1421 1900 comparamus
1455 1845 1680 1887 hodiernos

257 1917 478 1970 homines,
509 1922 705 1959 nostrum
730 1917 948 1959 saeculum
976 1918 1183 1973 pristinae
1211 1919 1341 1961 aetati
1371 1920 1527 1960 mirum
1546 1933 1682 1974 quan-

258 1998 349 2034 tum
399 1992 543 2034 cedere
588 1992 812 2035 fatendum
852 1998 928 2035 est.
962 1993 1058 2035 Non
1098 2000 1210 2036 stare
1250 2004 1394 2049 posset
1420 1995 1566 2037 sabula
1597 2008 1681 2050 quo

256 2067 442 2110 vivimus
459 2073 648 2123 tempore
668 2067 710 2109 in
729 2082 813 2124 qua
829 2074 892 2110 tot
905 2068 990 2123 joci
1009 2069 1165 2110 eruditi
1178 2076 1463 2120 occurrerent;
1482 2069 1679 2126 aequales

258 2142 393 2184 nostri
426 2149 475 2184 ut
505 2142 674 2184 rideant
701 2142 996 2198 plaudantque
1028 2143 1156 2198 plane
1173 2143 1278 2186 alios
1306 2145 1414 2187 sales
1442 2145 1676 2200 postulant.

846 2281 1063 2288 ,xxx-ae-r·x

320 2367 402 2409 Sed
435 2367 535 2409 haec
567 2368 785 2410 hactenus.
823 2368 932 2411 Loca
957 2368 1211 2424 Euripidea.
1236 2384 1342 2424 quae
1367 2369 1678 2424 Aristophanes

305 2555 312 2574 ¹
340 2556 452 2587 Horat.
477 2556 517 2586 ad
541 2556 674 2587 Pisone,
699 2566 746 2588 va.
771 2557 822 2590 47.

303 2614 316 2635 ²
338 2614 389 2647 cf.
412 2615 495 2647 Ran.
520 2624 568 2648 vs.
595 2616 676 2647 1109
698 2625 766 2656 sqq.

303 2674 316 2694 ³
338 2675 391 2708 cf.
412 2675 593 2707 Bernhard.
619 2676 639 2706 1.
662 2675 682 2707 1.
707 2685 781 2716 pag.
810 2677 868 2709 127
895 2681 927 2707 et
949 2676 1013 2707 600
1035 2685 1081 2715 sq.

304 2732 317 2752 ⁴
341 2733 446 2766 Orest.
470 2744 516 2767 vs.
539 2735 621 2770 279,
645 2735 727 2766 Rau.
756 2744 800 2766 vs.
825 2735 899 2766 304.

304 2791 316 2810 θ
342 2791 440 2832 nipp.
467 2802 511 2823 vs.
534 2793 615 2829 612,
638 2783 838 2833 Thesmoph.
864 2802 908 2823 vs.
930 2793 1010 2829 276,
1036 2794 1117 2825 Rnn.
1143 2803 1187 2823 vs
1217 2792 1277 2823 102
1299 2800 1329 2823 et
1356 2793 1445 2825 1471.

305 2850 318 2868 ⁶
342 2851 420 2882 vid.
443 2861 464 2883 a
496 2862 528 2893 g.
552 2852 694 2884 Socratis
717 2853 749 2883 in
777 2852 922 2884 Platonis
945 2853 1106 2885 Convivio
1132 2852 1230 2883 verba
1255 2863 1325 2893 pag.
1355 2853 1477 2884 199A:
1506 2854 1523 2889 v)
1547 2854 1679 2893 phin-ra

264 2912 322 2942 οὐν
346 2911 521 2952 ὑπέσχιτο,
547 2911 567 2950 ἡ
591 2911 621 2942 δὲ
647 2913 733 2952 φρὴν
756 2913 804 2943 οὗ.
