1956 3346
1057 225 1110 264 3&

378 343 469 384 istis
504 343 671 384 insidiis
705 344 852 385 drama
885 346 1062 386 careret!
1116 345 1197 387 'sed
1229 351 1330 388 tunc
1361 347 1465 387 nihil
1503 347 1676 388 omnino
1709 351 1795 389 tra-

375 416 459 471 gici
499 416 680 469 inesset,
723 420 767 458 et
802 417 930 471 plane
965 418 1271 460 Menandrcam
1304 419 1495 461 fabulam
1529 421 1791 464 haberemus.

377 490 529 533 Nonne
563 507 615 533 ex
647 492 725 533 hoe
757 493 955 548 exemplo
975 493 1132 548 liquet,
1158 499 1317 549 quanto
1333 494 1568 550 elegantior
1587 496 1794 552 ejusmodi

376 565 491 607 mulo
523 565 692 608 futurus
726 566 881 609 fuisset
913 581 1143 622 germanus
1175 570 1335 624 equus?

434 715 577 767 Quum
599 716 691 771 jam
724 717 778 758 ad
811 717 1020 772 longioris
1053 717 1180 772 hujus
1195 717 1349 772 capitis
1366 717 1497 760 finem
1514 721 1794 772 pervenerim,

375 791 419 832 in
463 805 599 845 pauca
642 790 771 832 verba
817 791 926 832 mihi
972 791 1100 834 liceat
1138 791 1338 847 colligere
1378 793 1639 834 sententiam
1669 809 1794 850 quam

375 866 564 922 exposui.
631 865 859 921 Euripides
891 867 932 908 in
972 867 1091 922 poesi
1119 867 1288 909 carebat
1317 867 1521 909 facultate
1557 869 1793 923 genetrice,

375 942 573 998 idemque
615 957 639 983 a
683 942 890 997 religione
934 943 1131 997 populari
1162 943 1394 984 recedebat.
1462 942 1604 994 Quum
1635 946 1794 996 autem,

375 1016 697 1073 quibuscunque
729 1018 780 1059 de
811 1018 977 1072 causis,
1021 1018 1074 1060 ad
1106 1018 1442 1073 dramaturgiam
1473 1033 1517 1060 se
1538 1018 1795 1074 applicaret,

374 1092 447 1133 vix
486 1093 630 1148 potuit
666 1094 772 1148 quin
813 1094 1016 1135 scriberet
1057 1093 1322 1149 tragoedias,
1358 1094 1402 1134 in
1436 1094 1590 1149 quibus
1621 1108 1794 1150 compo-

375 1168 527 1210 nendis
559 1168 876 1223 quodammodo
907 1171 1101 1210 coactum
1132 1183 1176 1210 se
1193 1168 1303 1210 vidit
1320 1172 1370 1210 ut
1385 1168 1582 1223 vulgares
1601 1169 1652 1210 de
1669 1170 1794 1211 rebus

375 1244 532 1285 divinis
562 1243 785 1297 opiniones
825 1247 1093 1298 sequeretur,
1128 1247 1395 1298 repugnante
1428 1243 1594 1297 animo,
1629 1247 1672 1285 et
1698 1258 1794 1299 pro-

374 1318 492 1366 inde,
525 1332 611 1361 non
642 1319 748 1361 citra
783 1319 999 1373 fraudem,
1034 1319 1274 1361 venditaret
1307 1334 1383 1374 pro
1412 1319 1522 1361 veris
1553 1334 1661 1374 quae
1686 1319 1796 1361 falsa

375 1408 466 1436 esse
512 1394 660 1445 sciret;
705 1395 748 1435 id
797 1395 912 1450 quod
956 1395 1152 1450 operibus
1198 1394 1288 1449 ejus
1331 1394 1602 1436 multimodis
1635 1393 1792 1436 nocuit.

375 1469 513 1521 Quare
544 1484 642 1512 cum
675 1470 966 1525 Aristophane
1000 1470 1210 1525 tragicum
1246 1468 1370 1513 ἄθεον
1401 1470 1589 1525 graviter
1617 1469 1794 1524 culpan-

374 1544 477 1586 dum
508 1559 670 1587 censeo.

371 1684 571 1724 “Euripides
598 1683 718 1724 kniipft
744 1685 845 1715 daran
877 1684 1016 1725 (mytho)
1049 1685 1110 1715 mit
1132 1687 1232 1723 ‚qnter
1254 1683 1506 1714 dramati-&cher
1538 1684 1698 1724 Hit-laetus]
1723 1684 1795 1714 eine

374 1742 500 1775 ‘'Reihe
535 1743 745 1774 waehsender
769 1742 1066 1782 Vei-wicklungem
1090 1746 1198 1773 zuerst
1206 1766 1300 1779 .....
1324 1741 1416 1772 daun
1442 1741 1493 1772 die
1515 1743 1640 1782 grellen
1664 1743 1794 1776 Ucber-

375 1803 504 1843 “gange
528 1812 602 1833 vom
626 1802 945 1834 leidensehaftlichen
969 1802 1054 1833 Hass
1078 1811 1134 1833 zur
1157 1803 1298 1842 1111119ιή
1322 1798 1445 1832 Liebe''
1470 1807 1529 1831 ete>
