1956 3346
915 170 938 208 6
944 171 966 206 Ῑι

224 305 307 345 qua
346 305 426 332 uon
463 291 694 346 vestigium
727 291 909 346 reperias
944 290 1054 333 male
1085 290 1235 333 sedulo
1259 301 1508 347 exprolntae
1533 292 1648 334 illius

223 365 478 421 sapientiae,
514 380 622 422 quae
654 366 715 408 ita
743 366 857 409 cordi
891 371 982 408 erat
1008 366 1204 422 Euripidi
1229 371 1276 409 ut
1300 367 1441 423 ipsum
1466 369 1651 411 vocaba-

223 442 314 484 lum
345 445 484 499 σοφὸς
516 441 561 483 in
593 441 759 484 deliciis
791 441 966 484 haberet
990 442 1015 483 ¹.
1073 441 1137 483 Ea
1167 456 1275 497 quac
1306 442 1434 484 citavi
1458 443 1653 486 sufficere

222 520 328 573 puto
369 522 418 559 ut
457 521 603 572 pateat
645 520 806 573 quanto
851 515 1002 558 nitoris
1047 515 1205 557 damno
1240 517 1322 558 ista
1352 517 1649 574 philosophiae

223 591 455 634 ostentatio
499 592 741 635 constiterit
773 591 993 646 Euripidis
1028 591 1260 646 tragoediis
1282 591 1320 645 ³,
1359 607 1435 634 nec
1469 607 1562 635 raro
1595 594 1648 635 ad

223 681 320 710 eum
352 666 493 709 referri
526 665 808 723 posse‘vcrba
840 665 979 708 Porcii
1015 665 1156 707 Festi:
1189 667 1238 708 τὰ
1269 667 1412 708 πολλὰ
1447 687 1489 709 σε
1521 669 1653 724 γράμ-

222 763 326 797 ματα
358 746 413 792 εἷς
442 746 592 796 μανίαν
621 745 858 799 περιτρέπει.
926 740 1057 783 “Non
1093 740 1231 783 doctis
1269 740 1397 783 dictis
1432 741 1651 784 studiosus

223 817 451 874 quisquam
483 824 572 859 erat
603 823 703 858 ante
734 816 877 859 hunc''
911 816 963 859 de
995 831 1039 858 se
1072 816 1184 872 ipse,
1220 821 1267 858 ut
1302 816 1487 870 Ennius,
1511 817 1650 859 dicere

224 891 456 947 potuisset;
490 891 564 933 sed
596 890 764 933 utinam
797 890 870 932 isti
903 891 1049 933 studio
1081 891 1344 934 moderatius
1375 891 1651 933 indulsisset!

227 966 272 1009 Si
305 966 400 1022 quis
432 970 577 1008 autem
613 965 866 1021 Euripidem
896 966 958 1008 ita
979 966 1208 1009 defendere
1230 966 1335 1009 velit
1357 971 1405 1008 ut
1427 966 1540 1008 dicat
1566 981 1648 1008 non

225 1042 354 1084 nimis
400 1056 543 1084 severe
589 1041 642 1083 ad
690 1041 806 1098 leges
853 1041 1112 1085 dramaticus
1157 1057 1251 1084 esse
1297 1041 1532 1097 exigendas
1583 1057 1654 1083 eas

225 1131 398 1173 operum
446 1117 538 1173 ejus
583 1122 726 1172 partes
773 1116 928 1172 quibus
977 1117 1136 1173 populo
1182 1117 1483 1160 commendare
1525 1117 1656 1159 vellet

225 1191 341 1234 dicta
375 1195 458 1234 τῶν
488 1195 632 1248 σοφῶν
649 1198 680 1246 ³,
714 1206 782 1234 me
804 1197 916 1234 certe
936 1192 1019 1234 sibi
1040 1207 1126 1235 non
1147 1192 1303 1234 habeat
1321 1192 1650 1241 assentienten13

226 1282 325 1309 nam
373 1271 423 1309 ut
463 1267 542 1309 hoc
573 1267 742 1310 licuerit
779 1293 826 1298 -—
863 1268 977 1324 quod
1007 1268 1080 1309 vix
1109 1267 1284 1310 concedi
1316 1271 1461 1323 potest
1492 1292 1550 1297 —
1583 1265 1657 1308 sed

226 1342 293 1385 fac
326 1342 499 1385 licuisse
537 1341 735 1398 Euripidi
768 1341 833 1384 uti
865 1357 993 1384 scena
1029 1343 1083 1384 ad
1112 1342 1401 1398 evulgandam
1435 1341 1653 1397 sophista-

227 1432 320 1460 rum
353 1417 636 1473 sapientiam:
669 1421 715 1459 at
747 1431 799 1459 ne
832 1417 900 1460 hic
932 1416 1104 1473 quidem
1138 1416 1238 1459 finis
1267 1416 1327 1459 sic
1350 1416 1509 1472 attingi
1533 1423 1654 1472 pote-

227 1497 305 1535 rat.
371 1492 513 1544 Quum
547 1492 662 1535 enim
698 1493 762 1535 vel
795 1492 962 1549 puellas
994 1492 1302 1548 servulosque⁴
1325 1496 1413 1534 tam
1438 1492 1654 1547 sapienter

271 1625 280 1645 ¹
326 1626 405 1658 Vid.
429 1636 459 1658 e.
481 1635 513 1668 g.
536 1626 675 1658 Medeae
699 1635 746 1658 vs,
769 1626 834 1658 299
857 1635 930 1657 cum
954 1626 1067 1658 vicinis
1090 1626 1252 1664 versibus,
1274 1632 1306 1658 et
1321 1625 1406 1658 cons.
1421 1626 1655 1668 Aristophanis

227 1685 426 1727 Thesmoph.
450 1695 496 1717 vs.
523 1686 616 1718 1130.

271 1742 285 1764 ²
328 1745 406 1777 Van
439 1745 600 1786 Limburg
634 1745 812 1782 Brouwer,
835 1745 965 1776 Proeve
987 1754 1066 1777 over
1088 1745 1266 1786 Euripides
1290 1745 1324 1776 in
1350 1745 1427 1776 fine:
1453 1745 1516 1776 “de
1539 1754 1655 1786 zooge-

228 1805 388 1836 “naamde
421 1805 643 1846 wijsbegeerte
678 1814 740 1835 van
775 1803 953 1845 Euripides
987 1803 1015 1834 is
1044 1803 1100 1835 het
1128 1803 1206 1845 graf
1229 1814 1293 1835 van
1316 1803 1378 1835 alle
1402 1813 1490 1835 waar
1513 1804 1659 1845 tragisch

228 1864 398 1906 “gemui‘'
421 1864 554 1896 Tertius
577 1863 778 1905 biographus
802 1863 986 1904 Euripidis,
1009 1868 1157 1894 caeteros
1174 1862 1272 1904 longe
1283 1862 1484 1894 antecellens
1497 1863 1661 1899 acumine,

228 1922 399 1954 verissime
431 1922 560 1954 scribit:
593 1925 758 1955 τοσοῦτον
792 1924 896 1954 αὑτὸν
919 1922 1072 1962 ἔβλαπτε
1097 1923 1259 1963 (doctrina
1281 1933 1301 1954 a
1323 1922 1495 1964 magistris
1517 1924 1662 1964 accepta)

230 1982 312 2015 ὅσον
335 1982 448 2024 ὠφέλει
472 1984 532 2014 τὸν
555 1981 734 2025 Σοφοκλέα.

273 2042 286 2061 ³
329 2042 426 2083 Quae
457 2042 525 2074 fere
558 2047 608 2074 est
639 2041 834 2074 Bernhardii
857 2041 984 2083 opinio:
1015 2042 1112 2074 “eine
1135 2052 1170 2073 so
1193 2041 1376 2082 vielseitige
1402 2041 1665 2074 Persbnlichkeit

231 2107 316 2136 “von
337 2102 552 2143 subjectivem
576 2102 746 2145 Gepriige.
761 2125 790 2133 ..
805 2127 812 2134 .
841 2103 981 2144 begehrt
1003 2103 1077 2135 eine
1106 2103 1269 2134 durchaus
1294 2102 1508 2134 individuelle
1532 2099 1661 2133 Norm⁰

233 2165 320 2205 (pag.
354 2164 445 2204 389),
477 2164 539 2195 etsi
574 2173 615 2195 ne
648 2163 700 2194 hic
732 2163 862 2205 quidem
892 2163 1028 2204 negavit
1052 2163 1152 2194 talem
1176 2163 1402 2204 philosophiae
1429 2172 1538 2199 usum,
1561 2160 1664 2202 qualis

231 2223 374 2256 cernitur
407 2223 440 2254 in
464 2224 640 2264 Euripide,
668 2223 815 2265 tragicae
837 2223 900 2254 arti
924 2224 1116 2264 promittere
1138 2223 1326 2255 interifum:
1351 2222 1462 2254 “diese
1485 2221 1571 2253 feine
1594 2220 1663 2260 phi-

233 2282 486 2325 “losophirende
514 2283 670 2315 Tendenz
693 2283 878 2314 schw'tichte
900 2284 965 2314 den
987 2282 1227 2314 dramatischen
1251 2281 1390 2319 Gebalt,
1415 2281 1480 2312 und
1493 2280 1600 2312 fuhrte
1613 2279 1665 2310 die

233 2343 424 2385 “Tragiidie
445 2343 504 2375 der
527 2342 692 2376 Griechen
716 2353 788 2374 zum
814 2342 961 2374 Ablauf''
987 2342 1075 2384 (pag.
1103 2343 1190 2382 195).

277 2403 290 2423 ⁴
335 2403 409 2434 nuc
432 2401 528 2434 refer.
554 2401 723 2443 Arisioph.
747 2401 892 2434 Acharn.
917 2411 965 2433 vs.
987 2401 1052 2432 400
1073 2410 1138 2442 sq.:

751 2461 775 2491 ὦ
802 2459 1008 2502 τριςμακὰρι”
1035 2459 1214 2501 Εὐριπίδη,

491 2521 538 2552 ὅθ’
563 2520 580 2551 ὁ
604 2520 724 2558 δοῦλος
745 2519 867 2552 οὑτωσὶ
892 2522 1001 2561 σοφῶς
1026 2518 1255 2560 ὑποκρίνεται,

237 2581 291 2612 nbi
323 2581 501 2614 scholiasta
533 2589 611 2612 vere
645 2580 798 2618 adnotat,
820 2579 881 2611 sub
903 2579 1009 2620 specie
1031 2578 1134 2610 laudis
1157 2577 1336 2619 vituperari
1360 2575 1555 2617 Euripidem
1579 2575 1666 2615 quod

237 2648 349 2672 servos
371 2641 508 2673 disertos
532 2640 565 2671 in
588 2649 716 2672 scenam
740 2640 860 2672 ducere
882 2638 1013 2670 soleret.

280 2699 359 2732 vid.
383 2700 482 2732 etiam
504 2709 522 2732 e
545 2698 648 2731 Ranis
672 2698 760 2730 locus
782 2708 830 2730 vs,
853 2699 918 2730 9⁴9
939 2707 998 2739 sq..
1023 2696 1076 2728 ubi
1101 2696 1278 2738 Euripides
1301 2705 1393 2727 suam
1418 2694 1529 2734 poesin
1553 2691 1672 2724 descri-

241 2758 319 2791 bens
341 2758 433 2790 dicit:

412 2815 488 2849 ἀλλ’
511 2817 622 2858 ἔλεγεν
644 2815 664 2854 ἡ
688 2815 774 2858 γυνὴ
800 2815 834 2847 τέ
858 2828 914 2857 μοι
937 2816 985 2856 χὼ
1009 2814 1131 2852 δοῦλος
1155 2814 1251 2846 οὐδὲν
1276 2812 1391 2851 ἦττον,

415 2876 461 2916 χὼ
485 2875 652 2914 δεσπότης
675 2875 718 2916 χή
743 2874 912 2915 παρθένος
936 2874 979 2915 χή
1005 2876 1108 2915 γραῦς
1132 2873 1187 2904 «iv.
