1956 3346
918 198 992 236 123

243 320 382 368 Quum
430 330 525 357 vero
570 316 784 372 plerique,
830 317 900 372 qui
952 317 1144 372 Euripidi
1190 324 1263 358 ant
1306 318 1558 372 patrocinum
1593 329 1661 359 aui

240 391 450 433 adversati
499 399 623 444 sunt,
667 393 809 448 potins
843 393 896 433 ab
928 392 1203 448 opinionibus
1241 392 1541 448 praejudicatis
1572 408 1667 448 pro—

242 466 529 508 ficiscerentur
561 482 688 522 quam
726 463 794 510 res
841 468 954 523 ipsas
991 481 1221 523 earumque
1254 483 1402 509 causas
1437 469 1670 522 investiga-

242 546 361 594 rent,
407 540 589 597 denique
636 543 718 584 “de
762 543 849 584 vita
879 548 922 584 et
962 543 1078 598 poesi
1115 542 1358 598 Euripidis,
1391 550 1486 598 post
1520 543 1669 584 immo-

243 615 469 657 morabiles
503 616 686 658 aliorum
717 625 920 668 conatus,
953 617 1117 672 primus
1148 617 1316 659 doctius
1348 624 1390 659 et
1423 618 1669 674 intelligen-

244 690 329 732 tius
374 690 626 745 (lisputavit‘
664 692 715 733 G.
772 691 1070 745 Bernhardyus
1118 693 1159 733 in
1209 693 1389 734 historia
1426 693 1671 735 literaturae

245 766 431 807 Graecae
490 766 569 808 vol.
625 767 667 808 ΙΙ
712 775 819 822 part.
872 771 897 808 2
953 782 1048 822 pag.
1099 769 1359 810 348—444''
1417 767 1671 823 [383—506

244 840 445 883 editionis
492 842 660 896 tertiae]
683 845 706 883 ¹.
773 842 854 883 Hic
889 850 1030 884 autem
1067 844 1253 885 mediani
1290 844 1500 899 quoddam
1535 846 1672 887 tenuit

248 917 352 967 iter,
388 916 500 972 quod
533 916 636 971 quin
667 917 789 958 unice
819 916 945 958 ducat
982 917 1034 958 ad
1069 932 1210 959 veram
1245 918 1502 959 sententiam
1529 920 1672 961 nullus

245 992 406 1034 dubito.
441 991 554 1033 Dum
587 991 702 1033 enim
737 991 897 1033 fatetur
918 991 1254 1048 Aristophanem
1279 992 1386 1034 nihil
1410 993 1674 1036 calumniose

247 1067 311 1108 vel
353 1065 482 1108 etiam
531 1065 689 1120 injuste
741 1066 791 1108 de
841 1066 1046 1122 Euripide
1085 1067 1246 1109 dixisse
1267 1072 1306 1119 2,
1355 1064 1484 1109 simul
1530 1076 1672 1110 tamen

250 1141 462 1183 intellexit
505 1155 588 1182 non
621 1155 728 1196 opus
763 1156 855 1183 esse
889 1148 962 1193 ut,
997 1142 1157 1183 comico
1190 1142 1385 1197 quamvis
1415 1143 1672 1193 assentiare,

250 1217 342 1258 ideo
379 1216 589 1271 tragicum
616 1215 838 1258 fastidiose
868 1224 1142 1270 contemnas,
1177 1217 1248 1258 sed
1282 1217 1538 1273 Euripideae
1570 1233 1674 1274 quo-

249 1306 329 1347 que
375 1291 456 1333 arti
501 1306 622 1333 suam
671 1306 746 1333 nec
782 1292 1038 1333 mediocrem
1081 1297 1274 1334 constare
1305 1292 1504 1346 laudem,
1549 1294 1674 1336 durn-

249 1367 375 1408 modo
407 1381 461 1408 ne
483 1365 701 1421 judicetur
733 1367 967 1409 secundum
999 1367 1169 1409 easdem
1196 1367 1311 1422 leges
1342 1383 1446 1424 quas
1467 1369 1676 1425 applicuit

249 1441 435 1483 comicus
457 1441 484 1483 ³.

310 1516 398 1558 Nec
442 1515 616 1558 silentio
663 1517 997 1571 praetereundus
1046 1517 1366 1571 Mommsenus,
1413 1520 1484 1575 qui
1521 1520 1562 1561 in
1594 1521 1678 1563 fine

254 1590 384 1646 primi
433 1590 666 1633 voluminis
715 1605 816 1633 suae
864 1591 1084 1633 Historiae
1134 1592 1350 1634 Romanae
1397 1593 1580 1637 breviter
1628 1596 1679 1637 (le.

252 1665 458 1722 Euripide
486 1666 706 1720 exposuit,
740 1665 814 1707 sed
859 1680 1063 1721 perquam
1094 1665 1217 1707 docte
1244 1672 1286 1707 et
1323 1669 1571 1723 perspicue,
1612 1671 1679 1712 hie

252 1756 418 1798 quoque
451 1741 790 1796 Aristophaneae
824 1742 1065 1783 sententiae
1097 1741 1263 1796 adjecto
1295 1742 1470 1785 calculo.

311 1817 538 1859 Germanis
571 1817 814 1859 auctoribus
843 1816 1077 1871 adjungere
1096 1817 1223 1872 juvat
1248 1823 1484 1860 nostratem
1503 1818 1679 1900 Petruip

252 1907 335 1934 van
371 1893 579 1947 Limburg
614 1892 872 1944 Brouwer⁴‚
917 1893 989 1948 qui
1025 1893 1244 1934 nonnullis
1277 1893 1431 1935 abhinc
1463 1893 1680 1935 decenniis

252 1968 387 2010 edidit
434 1967 629 2010 libellum
677 1967 729 2009 de
769 1967 885 2022 poesi
928 1967 1188 2022 Euripidea‚
1223 1968 1329 2010 satis
1363 1968 1603 2023 elegantem
1637 1976 1679 2010 et,

254 2057 366 2085 nunc
394 2056 582 2099 quoque,
618 2042 895 2098 quantumvis
929 2041 1254 2097 inveteraverit,
1289 2043 1402 2085 lectu
1442 2058 1525 2085 non
1568 2044 1679 2086 indi-

252 2132 414 2172 gnunr:
455 2132 639 2173 magnus
672 2117 941 2173 caeteroquin
978 2116 1198 2173 Euripidis
1231 2118 1487 2170 admirator,
1523 2119 1562 2159 in
1598 2133 1680 2174 quo

298 2300 306 2319 ¹
331 2300 478 2332 Dindorf.
505 2301 595 2331 l‘oet.
621 2300 714 2332 Scen.
742 2298 867 2339 proleg.
890 2299 930 2328 ad
954 2298 1070 2338 Eurip.
1094 2308 1166 2339 pag.
1197 2300 1243 2330 19,

295 2358 307 2378 ²
331 2359 593 2400 “Aristophanes
623 2358 710 2389 hatte
740 2357 841 2388 sehon
872 2358 934 2388 alle
962 2358 1195 2389 wesentlichen
1224 2358 1353 2390 Punkte
1377 2360 1435 2390 der
1461 2359 1610 2390 Polemik
1633 2369 1681 2390 er—

253 2418 409 2459 “griffen.
426 2440 454 2448 ..
486 2419 531 2449 Er
557 2419 599 2448 ist
622 2418 654 2448 in
678 2418 802 2448 seinem
827 2417 933 2449 Recht
956 2417 1066 2448 sobald
1097 2427 1131 2448 er
1155 2418 1205 2449 dic
1229 2418 1465 2458 Forderungen
1489 2419 1544 2449 des
1571 2419 1681 2449 reinen

254 2477 495 2510 “Geschmacks
525 2479 590 2508 und
620 2479 678 2509 der
700 2478 914 2518 organischen
946 2478 1059 2508 Poesie
1084 2487 1191 2518 gegen
1216 2478 1268 2508 die
1293 2478 1485 2509 lietzercien
1510 2479 1564 2509 des
1591 2479 1681 2509 Euri-

256 2537 368 2577 “pides
390 2535 520 2568 kehrt.''
545 2537 641 2577 (Pag.
663 2537 752 2574 395.)

297 2597 310 2615 ³
335 2597 401 2628 “Es
423 2598 511 2627 xviii-e
535 2596 688 2628 vei-kehrt
713 2598 778 2627 und
802 2596 939 2634 unbillig
963 2596 1024 2627 den
1048 2596 1182 2627 antiken
1201 2597 1362 2628 Massszab
1388 2597 1592 2636 anzulegen''
1619 2606 1684 2627 eie.

256 2655 350 2696 (rag.
372 2656 460 2695 389.)

297 2714 310 2734 ⁴
338 2715 460 2746 Procne
482 2726 558 2746 orer
581 2716 621 2746 dc
645 2715 805 2756 :edrlijln-
828 2715 1029 2746 svlnmulwid
1053 2716 1114 2746 dm·
1135 2717 1242 2756 poezij
1269 2726 1330 2744 run
1368 2716 1564 2756 Euripides.
1593 2717 1682 2748 1833.

259 2774 404 2805 Maxima
438 2773 533 2813 hujus
566 2775 639 2806 libri
675 2785 749 2815 pars
781 2775 820 2804 ab
854 2780 983 2805 anctore
1014 2781 1125 2815 postea
1149 2775 1309 2805 transfusa
1332 2782 1379 2805 est
1405 2775 1435 2804 in
1461 2785 1542 2815 «quus
1567 2775 1682 2815 majus,

257 2842 320 2874 quo
353 2833 418 2872 egit
454 2833 495 2864 de
528 2833 726 2865 Graecorum
758 2833 897 2863 moribus
926 2840 955 2863 et
981 2833 1099 2867 litei-ie,
1123 2833 1249 2865 Gallica
1275 2842 1348 2863 usu*
1374 2833 1500 2872 lingna.
1534 2834 1674 2863 llimn'r«

258 2892 297 2922 zla-
322 2891 352 2920 ΙιΙ
379 2892 583 2920 vit-iiimriam
611 2892 665 2920 dae's
696 2893 808 2923 (r'rt'c's,
