1925 3377
264 815 422 857 Morem
457 814 835 858 dissertationibus
871 814 1091 868 praefandi
1130 814 1319 855 nondum
1355 814 1460 857 adeo
1497 816 1535 856 in
1561 816 1633 856 dc-

201 891 472 932 suetudinem
508 891 666 932 abiisse
698 904 803 941 reor,
839 889 940 944 quin
979 889 1082 930 mihi
1117 889 1242 931 liceat
1289 890 1469 944 paucula
1510 890 1634 932 verba

203 966 394 1021 proloqui
441 971 608 1021 gratam
660 965 866 1007 testantia
907 972 1095 1006 mentem
1143 979 1244 1019 erga
1276 980 1346 1006 eos
1381 965 1453 1021 qui
1489 965 1529 1006 in
1570 980 1636 1006 m«-

202 1041 468 1084 instituendo
514 1042 816 1098 impenderunt
859 1054 1043 1095 operam.
1114 1040 1231 1082 Inter
1268 1054 1374 1095 quos
1410 1054 1493 1081 non
1529 1046 1636 1082 tcm-

202 1116 316 1170 poris
363 1122 534 1159 tantum
583 1117 730 1158 ordine
778 1116 943 1171 primus
988 1115 1105 1157 locus
1150 1115 1329 1157 debetur
1370 1115 1482 1170 patri
1516 1129 1635 1159 meo.

203 1206 329 1247 quem
364 1207 498 1247 usque
532 1192 585 1234 ad
611 1191 755 1234 studia
784 1190 1028 1233 academica
1049 1190 1179 1232 habui
1199 1195 1517 1246 praeceptorem
1542 1190 1636 1232 uni-

201 1281 325 1319 cum,
367 1267 582 1315 adderem,
619 1271 661 1308 et
693 1266 924 1322 optimum,
960 1266 1043 1307 nisi
1078 1265 1230 1308 scirem
1262 1271 1473 1322 quantum
1503 1265 1636 1307 oderit

204 1342 408 1384 encomia.
459 1342 507 1382 In
543 1341 766 1383 Athenaeo
800 1343 1222 1385 Amstelaedamensi
1254 1342 1497 1399 complures
1535 1343 1638 1384 Pro-

203 1417 382 1459 fessores
406 1416 574 1465 audivi,
610 1416 767 1471 quibus
802 1431 1006 1473 magnam
1040 1420 1226 1473 gratiam
1262 1418 1397 1460 habeo
1430 1424 1473 1460 et
1504 1433 1639 1475 usquc

202 1492 377 1534 habebo.
431 1491 546 1532 Bene
578 1491 694 1533 nosti
727 1506 795 1534 me
829 1492 938 1534 illud
971 1493 1170 1548 inprimis
1204 1493 1343 1536 dicere
1376 1494 1427 1536 de
1456 1494 1526 1545 Te,
1562 1494 1641 1536 Vir

203 1567 314 1609 Olar.
354 1566 488 1618 Boor,
524 1566 646 1621 cujus
679 1566 951 1623 frequentare
984 1568 1153 1611 scholas
1184 1570 1328 1612 nescio
1363 1569 1470 1610 milii
1488 1570 1639 1612 utilius

203 1658 254 1685 an
297 1641 533 1698 jucundius
577 1643 718 1685 fuerit.
790 1643 892 1685 Sine
932 1658 1000 1686 me
1041 1644 1301 1686 nominatim
1341 1643 1436 1685 Tibi
1474 1644 1639 1699 gratias

203 1733 354 1774 agere,
398 1723 441 1760 et
480 1733 610 1774 perge
642 1718 740 1771 diu,
777 1733 1040 1774 quamquam
1078 1734 1192 1761 nunc
1237 1719 1428 1761 muneris
1462 1734 1639 1775 expers.

205 1800 297 1835 tum
331 1793 453 1835 bonis
484 1793 620 1835 literis
654 1793 796 1836 favere
825 1798 918 1835 tum
943 1794 994 1836 iis
1019 1795 1176 1850 quibus
1194 1793 1381 1849 contigit
1398 1794 1485 1836 tuis
1508 1794 1641 1837 fuisse

204 1869 441 1924 discipulis.
508 1869 689 1911 Memori
726 1870 859 1911 etiam
891 1869 1037 1911 animo
1070 1883 1240 1925 semper
1272 1869 1523 1911 reminiscar
1546 1870 1639 1911 Viri

205 1945 316 1988 Clar.
353 1945 394 1986 J.
431 1945 665 1998 TIDEMAN,
706 1945 804 2000 qui,
834 1949 884 1986 ut
915 1944 1133 2000 quondam
1175 1950 1342 2000 patrem
1375 1958 1545 1999 meum,
1580 1946 1640 1988 sic

203 2021 349 2063 oblata
381 2021 601 2064 occasione
634 2035 702 2062 me
735 2035 904 2076 quoque
934 2020 1128 2062 consiliis
1147 2019 1395 2075 auxilioque
1413 2019 1642 2062 efficaciter

205 2096 383 2151 adjuvit.

266 2173 449 2225 Leidae,
500 2186 620 2214 secus
661 2188 707 2214 ac
750 2171 856 2213 mihi
897 2186 1228 2228 proposueram,
1250 2171 1483 2226 paulisper
1516 2170 1642 2212 modo

205 2253 493 2290 ‹·0mmoratus
526 2262 648 2301 sum,
685 2263 760 2290 nec
794 2253 938 2290 tamen
973 2248 1066 2290 sine
1090 2248 1245 2290 fructu.
1282 2249 1321 2289 A
1346 2246 1506 2289 talibus
1527 2247 1640 2289 enim

206 2323 550 2381 praeceptoribus
595 2323 742 2378 quales
779 2323 836 2364 ibi
871 2323 1016 2366 inveni
1050 2323 1116 2365 vel
1150 2323 1265 2366 brevi
1302 2328 1492 2378 tempore
1529 2321 1642 2363 mul-

207 2406 298 2442 tum
328 2399 489 2442 discere
522 2399 634 2441 licet.
702 2398 893 2451 Quorum
927 2400 963 2441 si
1000 2400 1177 2441 nomina
1208 2399 1276 2441 hic
1309 2413 1641 2441 commemorat-‹-

207 2475 477 2531 supersedeo,
512 2480 556 2516 at
589 2475 750 2530 pectori
783 2489 878 2517 meo
913 2489 1080 2531 semper
1114 2475 1246 2517 infixa
1283 2474 1532 2516 manebunt.
1570 2473 1640 2514 To.

207 2551 434 2594 reverende
467 2550 707 2604 Promotor,
745 2550 824 2592 Vir
856 2550 968 2592 Clar.
1007 2551 1167 2604 Conm,
1206 2557 1470 2606 quantopere
1499 2548 1640 2603 suspi-

207 2626 317 2668 ciam
362 2625 585 2680 colamque
630 2625 768 2667 dicerc
801 2624 904 2680 quid
939 2625 1121 2667 attinet.
1159 2639 1293 2681 quum
1327 2625 1434 2667 meis
1468 2638 1639 2679 praei-0-

209 2700 294 2743 niis
337 2700 517 2743 minime
562 2700 760 2756 gentium
805 2700 1000 2756 indigeas
1034 2708 1073 2742 et
1107 2715 1249 2743 meum
1286 2700 1327 2741 in
1359 2700 1414 2741 Tc
1447 2698 1641 2741 animum

211 2790 292 2817 non
328 2775 526 2831 ignores?
573 2775 666 2831 Ego
702 2790 800 2817 vero
833 2775 866 2815 si
904 2775 1006 2830 quid
1039 2789 1227 2830 unquam
1267 2775 1308 2816 in
1343 2774 1478 2816 literis
1513 2774 1640 2828 profi-

209 2849 342 2897 viam,
380 2850 610 2905 ici-magna
644 2865 694 2891 ex
729 2858 847 2905 parte
881 2850 973 2890 Tibi
1007 2861 1228 2904 acceptum
1258 2849 1639 2895 ‹·1·it1·‹›f‹›rendum.

213 2933 255 2965 ut
291 2925 361 2979 qui
396 2925 621 2981 discipulis
656 2940 739 2967 non
770 2924 895 2967 niodo
920 2924 1194 2979 antiquitatis
1219 2938 1404 2965 amorem
1431 2924 1640 2967 instillato
