1956 3346
793 566 1022 617 CAPUT
1059 567 1157 615 IX.

436 712 667 741 EUMPIDES
700 711 742 740 IN
776 711 982 740 VERSIBUS
1017 711 1258 740 PANGENDIS
1291 712 1504 740 NOVATOR.

902 824 904 826 v
926 824 1021 832 xxxxix&
1048 824 1079 831 *st

330 919 476 973 Ratio,
515 933 642 974 quam
676 918 902 974 Euripides
940 919 982 959 in
1022 918 1213 961 versibus
1243 919 1482 974 pangendis
1513 927 1683 960 secutus

265 1001 349 1048 est,
383 1008 468 1035 non
504 993 647 1036 minus
684 1007 826 1036 severe
843 993 896 1035 ab
920 993 1206 1049 Aristophane
1226 994 1535 1036 condemnatur
1557 1006 1683 1048 quarn

264 1083 539 1126 quaecunque
588 1069 641 1111 ad
696 1069 940 1111 dramatum
991 1070 1347 1125 compositionem
1399 1069 1684 1124 materiaeque

265 1144 560 1188 tractationem
592 1145 819 1201 pertinent.
863 1145 946 1187 Hic
978 1145 1109 1187 etiam
1142 1145 1344 1201 quicquid
1382 1144 1483 1186 novi
1513 1144 1684 1199 excogi-

265 1219 374 1262 tavit
401 1224 445 1261 et
479 1219 681 1275 quicquid
707 1234 732 1261 a
752 1220 1090 1275 praecessoribus
1108 1220 1346 1276 discrepare
1363 1220 1444 1262 sibi
1461 1220 1682 1276 permisit,

263 1294 424 1336 comico
459 1294 525 1336 vel
557 1308 605 1336 eo
639 1294 731 1349 ipso
762 1295 934 1337 nomine
966 1295 1228 1350 culpandum
1261 1295 1440 1337 videtur.

325 1370 470 1411 Primo
512 1369 684 1425 quidem
730 1369 949 1412 videamus
995 1370 1047 1412 de
1092 1370 1282 1412 canticis.
1331 1370 1465 1412 Extat
1516 1369 1568 1411 de
1619 1369 1684 1410 his

264 1445 380 1487 locus
422 1458 625 1500 perquam
670 1444 897 1500 probrosus
950 1445 993 1486 in
1030 1445 1184 1498 Ranis,
1224 1459 1284 1486 vs.
1323 1448 1432 1487 1298
1463 1460 1578 1500 sqq.,
1613 1444 1681 1485 ubi

263 1519 501 1573 Aeschylus
534 1519 780 1562 imitaturus
815 1520 980 1562 cantica
1016 1519 1250 1575 Euripidea
1280 1521 1339 1562 sie
1372 1521 1584 1576 loquitur:

422 1593 520 1636 ἀλλ’
552 1594 627 1637 οὖν
656 1596 736 1650 ἐγὼ
764 1598 836 1648 μὲν
867 1597 908 1644 ἐς
937 1597 984 1637 τὸ
1014 1595 1145 1638 καλὸν
1175 1597 1214 1637 ἐκ
1243 1600 1316 1637 τοῦ
1347 1594 1474 1636 καλοῦ

421 1665 596 1721 ἤνεγκον
625 1664 736 1710 αὔθ’,
764 1667 832 1707 ἵνα
860 1667 914 1718 μὴ
943 1667 1017 1707 τὸν
1047 1667 1174 1707 αὐτὸν
1205 1668 1402 1722 Φρυνίχῳ

422 1733 602 1786 λειμῶνα
632 1738 816 1777 Μουσῶν
846 1736 956 1790 ἱερὸν
986 1734 1156 1790 ὀφθείην
1187 1732 1360 1790 δρέπων.

423 1803 546 1850 οὗτος
576 1800 609 1844 δ’
639 1803 720 1845 ὰπὸ
750 1805 920 1845 πάντων
948 1807 1021 1856 μὲν
1051 1805 1157 1859 φέρει
1189 1801 1413 1859 πορνιδίων
1433 1805 1464 1848 ’,

307 1935 316 1955 ¹
340 1936 528 1968 Lectionem
552 1938 735 1978 vulgatam,
759 1946 864 1970 metro
888 1945 1126 1980 repugnantem
1156 1941 1221 1979 (-
1239 1959 1284 1972 oo
1302 1938 1383 1977 -“),
1407 1940 1554 1971 Kockius
1579 1940 1609 1970 in
1626 1950 1683 1970 sua

261 1995 403 2026 editione
425 1995 487 2026 sibi
509 1998 699 2029 emendasse
725 1998 812 2029 visus
835 2004 892 2035 est,
915 1998 1056 2039 legendo
1072 1999 1360 2039 παροινίων,(]υοά
1376 1999 1567 2030 vocabulum
1579 2009 1681 2040 neque

261 2055 369 2087 sensui
390 2056 468 2087 satis
490 2058 659 2098 congruit,
683 2067 787 2099 neque
810 2057 977 2091 Graecum
1000 2066 1059 2091 est.
1104 2059 1180 2090 Nou
1201 2058 1265 2089 alia
1287 2058 1441 2099 exempla
1463 2068 1480 2089 e
1504 2059 1595 2090 bonis
1619 2060 1681 2090 At-

262 2115 334 2146 ticis
362 2115 575 2156 scriptoribus
605 2116 702 2149 allata
734 2118 799 2149 vidi
830 2118 863 2149 in
893 2118 1056 2149 Dindorfii
1087 2118 1257 2150 Thesauro
1286 2128 1382 2158 quam
1409 2118 1513 2149 Arist.
1538 2118 1682 2149 Acharn.

265 2184 312 2205 vs.
336 2175 409 2210 981,
434 2177 610 2216 παροίνιος
633 2177 719 2218 ἀνὴρ
742 2178 816 2219 ἔφυ,
840 2188 881 2209 ex
903 2187 966 2219 quo
988 2177 1057 2210 loco
1079 2185 1205 2213 tamen,
1228 2177 1455 2209 emendatione
1482 2187 1546 2208 non
1576 2177 1683 2211 dubia.

261 2234 408 2274 spurium
443 2234 500 2266 boc
528 2234 722 2275 adjectivum
752 2237 863 2278 abegit
896 2237 962 2268 Vir
996 2236 1082 2270 Clar.
1116 2237 1237 2274 Cobet,
1265 2238 1377 2278 legens
1408 2239 1568 2279 πάροινος
1596 2237 1681 2277 ἀνὴρ

263 2292 320 2331 ἔφυ
345 2291 421 2330 (vid.
445 2293 660 2334 Mnemosyne
681 2295 757 2325 anni
786 2296 884 2331 1874,
907 2304 981 2336 pag.
1006 2297 1068 2327 414
1091 2295 1178 2337 sq.).'
1210 2295 1275 2328 Sed
1299 2296 1349 2327 sac
1370 2296 1467 2328 licere
1491 2297 1681 2328 vocabulum

263 2357 330 2382 tam
354 2351 458 2382 malae
480 2359 572 2383 notae
594 2352 765 2384 obtrudere
790 2354 1014 2395 Aristophani,
1037 2354 1115 2394 quid
1137 2354 1351 2395 significabit?
1380 2354 1533 2387 Comicus
1555 2363 1680 2387 tantum

263 2411 301 2441 de
336 2411 524 2442 hominibus
557 2411 660 2442 ebrii-e
691 2412 769 2444 dicit
801 2413 970 2453 πάροινος,
994 2413 1046 2444 sin
1069 2422 1144 2444 eum
1167 2423 1322 2455 cogemus
1346 2413 1432 2454 loqui
1456 2414 1569 2455 lingua
1591 2414 1667 2445 scho

263 2469 439 2506 liastarum,
466 2471 622 2511 παροίνια
647 2471 693 2502 nil
716 2472 777 2503 nini
801 2473 917 2503 σκόλια
943 2479 1051 2510 erunt,
1074 2482 1155 2514 quae
1180 2474 1331 2515 proximo
1355 2483 1448 2505 versu
1463 2474 1681 2505 nominantur.

265 2528 343 2558 Vid.
375 2529 441 2560 sch.
472 2530 576 2572 Vesp.
610 2532 706 2562 1231:
738 2533 850 2563 σκολιὰ
882 2534 921 2563 τὰ
948 2534 1103 2572 παροίνια
1126 2533 1225 2573 μέλη,
1250 2534 1280 2564 ib
1320 2535 1416 2567 1217:
1441 2536 1479 2572 rai
1506 2535 1635 2569 σκολιά,
1661 2536 1678 2562 ι’,

263 2585 322 2617 εἰσι
349 2589 510 2628 παροίνιοι
533 2588 626 2630 «fidoi.

306 2645 381 2676 Non
405 2646 530 2679 felicior
553 2648 679 2679 Kockio
702 2649 734 2679 in
758 2655 867 2680 nostro
889 2648 958 2680 loco
981 2650 1174 2691 corrigendo
1196 2651 1275 2682 olim
1301 2651 1359 2682 fuit
1385 2652 1559 2685 Porsonus.
1587 2652 1680 2693 cujus

262 2703 449 2744 conjectura
471 2704 582 2745 (οὗτος
606 2705 631 2736 δ’
656 2705 724 2736 ἀπὸ
750 2706 890 2736 πάντων
914 2706 1096 2747 πορνιδίων
1118 2706 1198 2746 μέλη
1223 2707 1320 2747 φέρῃ)
1346 2715 1534 2740 contextum
1549 2718 1680 2748 prorsus

265 2764 438 2803 perturbat.
486 2764 568 2795 Mihi
596 2765 628 2795 in
652 2771 794 2796 mentem
821 2766 928 2796 venit:

518 2823 613 2860 οὗτος
637 2824 663 2854 δ’
688 2825 755 2855 ἀπὸ
782 2824 918 2856 πάντων
941 2827 999 2863 μὲν
1025 2824 1118 2863 φέρει,
1147 2827 1271 2864 πόρνης
1296 2824 1405 2862 fitur.

264 2880 296 2911 id
321 2887 384 2912 cst:
410 2881 463 2912 lw-
488 2893 571 2919 νψνιι,
594 2893 651 2913 ern
678 2885 854 2917 meretrix,
877 2894 896 2913 a
921 2883 1065 2923 qemlihe‘t
1092 2884 1218 2913 lum-um
1245 2886 1347 2924 “apis⁴
