1956 3346
900 177 977 216 113

226 300 360 342 habeo
408 297 614 351 dicenda,
649 298 758 340 infra
791 300 831 339 in
865 298 1060 352 catalogo
1095 312 1292 340 versuum
1328 299 1652 355 Euripideomm

224 375 277 416 ab
305 374 593 430 Aristophane
625 373 982 430 πεπαρῳδημέιιωυ
1016 374 1096 429 legi
1130 380 1322 428 possunt.
1365 375 1654 431 Deniqiiehur

227 450 412 505 pertinet
454 450 608 492 Ranar.
646 465 704 491 VS.
748 452 858 502 849,
891 449 960 490 ubi
996 449 1235 503 Aeschylus
1270 449 1399 491 bilem
1439 451 1479 491 in
1527 451 1654 492 Euri-

226 524 367 580 pidem
401 524 626 566 effnmlens
658 525 770 567 inter
802 524 885 566 alia
919 524 1024 566 ‹lieit
1052 538 1147 565 eum
1183 527 1388 577 Κρητικὰς
1433 526 1654 580 συλλέγειν

223 598 444 655 μονῳδίας.
511 600 592 642 llic
640 615 785 642 versus
832 600 937 642 olim
982 600 1126 641 minus
1158 607 1271 641 reete
1306 599 1654 655 intelligebatur,

225 689 356 730 quum
416 663 675 731 adjectivum
727 676 932 731 Κρητικὰς
980 675 1183 716 referrent
1230 675 1281 716 ad
1337 675 1558 717 materiem
1603 675 1655 716 ab

225 749 433 806 Euripide
480 755 705 793 tractatam
761 749 803 791 in
851 748 997 791 fabula
1044 749 1319 791 Cretensibus
1366 753 1442 791 aut
1476 749 1653 792 Cressis.

225 825 467 868 Fritsehius
519 841 616 868 vero
661 825 812 867 attulit
847 824 1059 867 Athenaei
1100 824 1241 866 locum
1273 824 1312 863 V
1355 838 1451 880 pag.
1497 825 1654 874 1811›¹‚

225 905 268 942 et
299 900 397 943 inde
429 901 575 943 docuit
608 901 676 943 hie
711 900 928 956 designari
962 900 1129 942 eantiea
1146 915 1254 955 quae
1276 899 1496 942 abeodem
1515 909 1656 942 actore

224 980 268 1016 et
299 980 526 1018 cantentur
557 980 600 1018 et
629 976 862 1029 saltentur,
880 975 1025 1031 qualia
1047 977 1363 1032 {nrova'maraa
1381 974 1657 1018 Cretensibus

225 1064 317 1092 esse
371 1050 546 1092 inventa
599 1054 782 1093 testatur
830 1050 1078 1092 Athenaeus
1126 1050 1212 1103 l.l.,
1248 1065 1381 1106 quum
1414 1050 1654 1106 antiquitus

226 1140 275 1167 ea
322 1125 390 1167 lex
441 1125 483 1166 in
530 1139 655 1168 scena
706 1125 869 1181 tragica
901 1125 1060 1167 valeret
1093 1130 1142 1167 ut
1175 1125 1286 1168 alius
1315 1130 1512 1178 caneret,
1545 1125 1656 1168 alius

224 1201 278 1243 ad
317 1200 407 1255 ejus
440 1201 566 1242 verba
595 1200 796 1253 saltaret,
831 1201 938 1242 etin
958 1200 1096 1242 choris
1128 1215 1296 1256 quoque
1315 1200 1449 1243 altera
1481 1201 1658 1243 choreu-

227 1282 366 1317 tarum
412 1290 510 1331 pars
558 1281 760 1329 cantum,
797 1276 933 1318 altera
970 1275 1244 1318 saltationem
1274 1280 1506 1331 perageret.
1578 1276 1659 1317 Pro

225 1350 435 1406 exemplis
453 1351 606 1393 talium
625 1353 932 1409 ὑπορχημάτιιην
963 1351 1151 1394 citantur
1173 1350 1336 1393 Orestis
1354 1365 1414 1393 vs.
1437 1352 1519 1393 982
1537 1366 1628 1406 sqq.
1648 1383 1657 1402 ,

232 1429 342 1469 1369
376 1442 496 1483 sqq.,
531 1427 751 1470 Phoeniss.
789 1442 847 1470 vs.
886 1429 965 1469 301
1003 1442 1093 1483 sqq.

287 1503 458 1545 Certum
501 1508 545 1544 et
572 1516 657 1544 non
693 1502 936 1544 mirandum
970 1508 1059 1556 est,
1111 1501 1361 1557 Euripidem
1395 1501 1518 1544 valde
1551 1501 1659 1543 dile-

226 1578 341 1620 xisse
388 1578 639 1630 monodias,
692 1592 797 1633 quas
839 1576 1148 1632 pulcherrimas
1198 1590 1323 1631 saepe
1358 1576 1601 1631 composuit
1625 1580 1656 1620 ³³.

227 1653 354 1695 modo
388 1667 441 1695 ne
475 1667 523 1694 ea
553 1652 715 1694 trutina
732 1652 952 1694 examines
970 1667 1054 1708 qua
1069 1652 1441 1706 eomieus,neque
1463 1649 1657 1706 profecto

230 1728 411 1784 injuria,
463 1728 704 1784 tragoedias
754 1727 1013 1783 perpendere
1058 1727 1236 1770 solebat.
1302 1726 1353 1768 In
1397 1727 1448 1768 iis
1489 1740 1657 1781 quoque

228 1819 365 1860 genus
409 1803 589 1846 canendi
637 1808 816 1859 apparet
861 1803 991 1845 molle
1040 1808 1083 1844 et
1129 1801 1299 1853 flebile,
1345 1816 1496 1857 parum
1532 1815 1658 1856 saepe

229 1879 376 1932 virile,
425 1879 642 1921 interdum
693 1892 827 1933 paene
868 1878 1146 1933 languidum,
1184 1883 1227 1919 et
1265 1877 1315 1919 iis
1347 1875 1658 1918 blandimentis

230 1954 418 1996 metricis
450 1954 711 2009 musicisque
742 1958 966 2006 ornatum,
999 1968 1132 2009 quae,
1164 1953 1217 1995 ab
1235 1953 1414 2008 antiqua
1430 1965 1659 2006 severaque

231 2029 462 2072 sobrietate
508 2043 681 2084 prorsus
722 2028 888 2082 aliena,
934 2028 1244 2070 contumeliose
1289 2027 1342 2069 ab
1375 2025 1663 2082 Aristophane

233 2108 438 2147 vocantur
475 2106 687 2161 μύρμηκος
716 2104 898 2160 ἀτραποί
916 2105 945 2145 ³.
995 2103 1220 2146 Caeterum
1271 2117 1379 2158 quae
1417 2102 1467 2143 de
1513 2101 1661 2143 metris

234 2178 409 2221 variatis
436 2178 571 2233 deque
605 2178 773 2220 novatis
804 2178 993 2221 musicae
1019 2178 1189 2233 legibus
1223 2177 1413 2232 (parcius
1432 2190 1560 2231 quam
1590 2189 1663 2217 vo-

235 2255 419 2307 lueram)
463 2254 710 2308 observavi,
757 2254 810 2296 ad
865 2254 1088 2297 monodias
1133 2268 1218 2296 non
1266 2253 1409 2295 minus
1447 2251 1663 2308 pertinent

235 2344 364 2385 quam
415 2329 469 2371 ad
522 2329 689 2371 chorica
730 2329 858 2383 μέλη,
907 2344 984 2371 nee
1033 2329 1099 2371 bis
1141 2328 1267 2384 juvat
1315 2328 1453 2370 dicere
1500 2326 1660 2369 eadem.

238 2405 388 2448 Unum
419 2409 562 2446 tamen
593 2408 660 2446 est
693 2404 806 2459 quod
838 2418 935 2446 eum
969 2404 1096 2460 plane
1137 2404 1195 2445 sit
1227 2402 1460 2458 singulare,
1493 2400 1666 2444 silentio

238 2496 322 2524 non
369 2480 747 2537 praetereundum:
790 2480 991 2532 monodia
1037 2480 1264 2531 (Androm.
1311 2494 1371 2520 vs,
1416 2476 1666 2523 103—116)

284 2636 293 2656 ¹
318 2640 396 2675 Τοῖς
428 2639 489 2678 μὲν
523 2638 582 2668 οὖν
617 2637 746 2676 Κρησὶν
783 2637 801 2675 ἦ
837 2648 868 2668 τε
908 2637 1044 2678 ὄρχησις
1068 2636 1246 2677 ἐπιχώριος
1271 2636 1324 2667 καὶ
1349 2637 1385 2666 τὸ
1410 2633 1670 2673 κυβιστᾶν-ψ·

239 2696 315 2727 ὅθεν
337 2697 390 2727 καὶ
412 2697 547 2737 κρητικὰ
569 2697 705 2728 καλοῦσι
730 2697 771 2727 τὰ
795 2695 1032 2737 ὑπορχήματα.

284 2754 298 2774 ²
321 2755 426 2786 Vetus
457 2755 658 2797 biographus
692 2757 725 2787 in
748 2755 874 2798 proleg.
909 2756 950 2788 ad
977 2756 1166 2797 Euripidem
1192 2755 1306 2793 (Dind.
1333 2754 1416 2791 111):
1442 2757 1512 2790 τοῖς
1536 2753 1671 2793 μέλεσιν

241 2816 331 2847 ἐστιν
354 2815 537 2857 ἀμίμητος,
562 2817 894 2858 παραγκωνιζόμενος
918 2818 995 2853 τοὺς
1017 2817 1218 2855 μελοποιοὺς
1243 2813 1362 2854 σχεδὸν
1387 2812 1530 2848 πάντας.

285 2875 297 2893 ³
320 2874 517 2915 Thesmoph,
543 2885 588 2906 vs.
615 2875 684 2906 100.

1466 2934 1490 2971 ὅ
