1956 3346
926 184 978 222 57

249 308 488 363 loquentem
535 314 578 347 ut
615 306 707 360 jam
752 321 809 347 vs.
863 309 971 347 1109
1014 316 1108 362 post
1153 320 1402 361 responsum
1436 307 1525 360 ejus
1565 307 1668 347 mir«-

248 381 503 437 implicitum
543 381 792 423 exclamarit
829 383 1064 438 Dionysus:

406 458 447 500 εὖ
481 460 529 506 νὴ
559 459 631 499 τὸν
661 456 814 513 Ἑρμῆν
846 481 895 486 -
928 461 950 499 ὅ
979 477 1012 500 τι
1046 459 1182 513 λέγεις
1214 456 1246 499 δ’
1273 459 1321 498 οὐ
1353 456 1560 509 μανθάνω-

247 529 291 571 Si
341 543 435 571 vere
483 529 675 571 Koekius
719 530 870 571 statuit
915 529 995 571 sub
1045 528 1222 582 Dionysi
1270 543 1452 583 persona
1503 528 1543 568 in
1595 528 1669 568 lm«-

245 604 464 646 comoedia
501 603 632 646 latere
674 604 879 660 populum
925 603 1235 645 Atheniensem
1271 603 1436 644 theatra
1471 602 1668 657 frequen-

437 680 465 733 ',
509 677 696 722 eomieu‘s
733 679 897 721 ultimis
933 679 1098 721 duobus
1129 679 1230 720 loeis
1255 679 1347 720 sine
1365 678 1668 730 ‹111l›i‹›innuit,

246 684 410 720 tantem

246 759 504 809 spectatores
542 769 667 810 saepe
701 769 783 796 non
818 755 1009 810 potuisse
1040 754 1282 809 intelligere
1314 754 1516 795 sublimia
1544 754 1670 795 Euri·

246 829 358 884 pidis
389 830 525 883 dicta,
560 837 603 873 et
634 845 679 872 eu
713 830 804 886 ipsa
828 830 1008 872 fortasse
1031 830 1082 871 de
1104 845 1230 871 eausa
1253 830 1405 885 plausu
1423 830 1623 885 probasse
1640 834 1667 871 ³.

307 907 478 950 Praeter
526 908 601 949 hos
642 907 780 961 locos,
832 908 872 948 in
921 908 1076 963 quibus
1129 907 1356 962 Euripides
1413 908 1668 949 nominatim

246 983 571 1038 perstringitur,
618 983 760 1038 plures
804 988 905 1025 sunt
946 983 1102 1036 etiam,
1139 983 1444 1038 Arist‹⁷›phanis
1480 983 1531 1025 de
1564 998 1671 1025 nova

246 1058 517 1114 philosophia
541 1059 752 1114 judicium
785 1061 1073 1102 ostendentes.
1141 1060 1210 1102 Sic
1245 1061 1406 1113 Meton,
1443 1067 1569 1102 notus
1601 1060 1673 1102 ille

247 1133 599 1187 mathematicus,
644 1136 929 1177 astronomiae
972 1136 1079 1178 bene.
1120 1136 1305 1190 peritus,
1351 1135 1486 1178 Attici
1529 1136 1671 1178 calen-

246 1208 351 1250 darii
395 1210 667 1257 emendator,
728 1211 770 1251 in
825 1211 985 1252 Avium
1025 1211 1244 1252 comoedia
1287 1210 1431 1266 flagris
1482 1211 1672 1267 abigitur

247 1298 297 1324 ex
338 1283 657 1326 Nubilieueulia
702 1286 798 1335 (ΑΥ.
845 1300 903 1328 vs.
943 1288 1225 1339 9⁴..i2—lo2o)
1260 1286 1388 1327 simul
1423 1301 1518 1327 cum
1551 1301 1672 1341 syco-

247 1359 421 1413 phantis
470 1365 511 1401 et
563 1361 829 1402 oraculorum
868 1361 1089 1416 plebisque
1125 1361 1327 1402 scitorum
1361 1361 1668 1404 venditoribus.

251 1435 452 1490 Inprimis
498 1450 594 1477 vero
639 1436 719 1477 hue
762 1436 978 1491 pertinent
1025 1451 1132 1491 quae
1179 1436 1231 1477 de
1281 1436 1498 1491 Euripidis
1535 1439 1672 1480 amieo

250 1512 420 1552 Socrate
459 1510 660 1553 dicuntur
706 1512 746 1553 in
791 1511 1013 1565 Nubibus,
1059 1526 1166 1567 quae
1208 1511 1374 1565 fabula,
1420 1520 1467 1554 ut
1512 1513 1553 1554 in
1593 1515 1673 1555 cri-

249 1585 363 1628 mine
406 1585 618 1640 ἰισεβείας,
661 1587 722 1629 sie
766 1587 894 1628 etiam
934 1587 1008 1629 ubi
1039 1586 1091 1629 de
1126 1587 1431 1642 intempestiva
1462 1594 1503 1630 et
1534 1603 1671 1645 nuga—

249 1661 356 1703 toria
398 1662 672 1718 philosophia
713 1663 877 1718 agitur,
921 1662 1186 1718 respicienda
1225 1668 1302 1704 est.
1370 1662 1492 1715 Quod
1527 1671 1670 1706 autem

248 1742 374 1779 antea
412 1737 501 1792 jam
546 1737 733 1779 vidimus
778 1739 894 1794 (pag.
947 1740 1035 1794 16),
1085 1738 1270 1780 Socratis
1309 1739 1482 1781 nomine
1518 1739 1561 1780 in
1596 1740 1672 1781 hae

247 1811 466 1854 comoedia
497 1826 644 1853 omnes
677 1812 892 1867 sophistas
928 1821 969 1854 et
1004 1812 1134 1854 etiam
1172 1812 1419 1867 Euripidem
1457 1814 1670 1869 suggillari,

249 1901 459 1942 nusquam
505 1892 570 1930 est
612 1887 884 1930 manifestius
925 1903 1052 1944 quam
1097 1889 1138 1929 in
1181 1888 1232 1930 iis
1275 1888 1446 1930 fabulae
1480 1890 1673 1945 partibus

248 1963 321 2005 ubi
349 1977 486 2006 sermo
516 1968 582 2006 est
613 1963 663 2006 de
695 1964 818 2006 rebus
852 1964 1132 2017 sublimibus,
1167 1979 1272 2020 quas
1301 1971 1473 2006 constat
1508 1965 1669 2007 Socrati

249 2038 320 2080 vix
353 2038 492 2094 magis
526 2038 642 2081 cordi
673 2038 806 2081 fuisse
838 2054 964 2095 quam
997 2039 1079 2094 ipsi
1111 2038 1392 2094 Aristophani
1414 2041 1440 2080 ³.

306 2115 405 2157 Jam
448 2130 507 2158 VS.
554 2117 608 2158 94
655 2129 744 2172 sqq.
793 2115 844 2158 de
896 2118 1202 2172 φροντιστηρίῳ
1252 2115 1352 2161 illo,
1401 2116 1472 2157 ubi
1523 2118 1671 2157 Socra-

253 2200 338 2233 tem
371 2190 640 2233 meditationi
675 2204 821 2232 vaeare
852 2193 1120 2231 commentus
1154 2195 1218 2230 est
1252 2189 1587 2245 Aristophanes.
1613 2191 1672 2232 sic

250 2267 432 2323 legimus
446 2284 454 2308 :

1201 2338 1214 2356 0

295 2458 303 2478 ¹
351 2458 544 2499 Einleltung
568 2468 595 2488 z.
611 2458 640 2488 d.
666 2457 842 2489 Froschen.
869 2474 905 2479 -
932 2457 985 2489 Sic
1007 2456 1248 2489 Schoemannus
1272 2467 1407 2498 quoquc,
1433 2457 1489 2491 Gr.
1504 2459 1673 2490 Alterth.³

252 2519 285 2551 lI
310 2528 383 2559 pag.
413 2519 472 2550 162
494 2517 681 2558 Dionysum
705 2516 790 2548 hune
815 2516 1093 2557 Aristophaneum
1120 2522 1212 2548 vocat
1233 2517 1307 2548 “ein
1332 2518 1480 2549 Zerrhild
1505 2519 1560 2549 tle<
1585 2519 1674 2550 nilic-

249 2578 384 2610 nist-hen
408 2575 770 2617 Theaterpublikums.”

293 2636 306 2656 ²
350 2636 531 2668 Vei-issima
564 2635 787 2667 Bernhardius
824 2634 866 2665 ll.
902 2645 976 2675 pag.
1011 2635 1075 2665 403
1101 2634 1183 2665 infra
1247 2635 1347 2666 “Man
1371 2636 1447 2666 (lars
1467 2636 1514 2666 bei
1540 2637 1673 2668 son-hen

252 2696 511 2737 “Ausspriichen
542 2696 655 2736 fragon
682 2695 740 2726 uus
759 2694 897 2725 welches
923 2693 1096 2726 Publikum
1122 2693 1168 2725 sie
1192 2693 1386 2729 rechneten;
1409 2694 1494 2725 donn
1519 2696 1565 2726 >ie
1587 2696 1673 2736 glei-

253 2755 355 2787 ”chen
380 2755 597 2795 Monologen,
622 2755 687 2785 und
711 2754 763 2785 die
789 2754 909 2794 Menge
933 2754 1084 2784 verstand
1107 2753 1214 2783 daron
1239 2751 1378 2784 olchas*

295 2814 308 2834 ³
354 2815 460 2846 1mm0
483 2816 633 2845 Socrates
658 2815 805 2854 “primus
831 2812 1064 2853 philosophiam
1088 2812 1261 2843 ‹lm-ocavit
1285 2822 1301 2843 c
1325 2812 1412 2843 coelo
1428 2813 1443 2821 ''
1491 2812 1540 2845 ci«
1555 2837 1560 2843 .
1577 2814 1661 2845 Tusc

256 2873 348 2912 Disp.
373 2873 416 2909 v,
441 2874 471 2908 4.
499 2875 544 2903 w.
