1956 3346
970 203 1019 241 7⁸)

279 329 506 371 445—451
538 328 743 367 ornantur
760 322 946 366 asseclae
965 324 1150 366 Socratis
1165 356 1176 378 ,
1199 325 1358 366 cadunt
1375 324 1418 365 in
1438 321 1701 378 Euripidem.

284 404 368 447 Sed
418 400 587 443 abunde
634 402 851 454 praeterea
896 400 962 439 est
1007 398 1197 440 locorum
1243 398 1398 454 quibus
1447 396 1703 440 nominatim

283 476 504 533 lflurqndis
546 474 756 518 ἐπύλλια1
800 472 867 515 vel
899 471 1114 528 ῥημάτια2
1152 477 1392 530 tanguntur
1432 480 1474 516 et
1514 474 1605 529 ipse
1637 487 1703 514 ra-

281 553 385 595 bula
416 553 602 593 vocatur.

345 628 395 668 In
441 626 575 669 Ranis
623 627 704 682 (vs.
755 630 831 669 771
882 632 998 683 sqq.)
1040 625 1307 668 amarissime
1339 626 1504 667 Aeacus
1537 631 1703 676 narrat,

284 701 557 756 Euripidem,
598 716 730 757 quum
764 702 807 743 in
843 702 1011 744 Hadem
1045 701 1308 754 devenisset,
1343 699 1446 741 artis
1480 714 1580 741 suae
1612 699 1702 741 edi-

285 777 400 819 disse
434 777 673 832 specimen,
708 792 848 820 coram
874 778 1066 832 furibus,
1090 777 1252 819 sicariis
1275 781 1318 819 et
1338 775 1575 831 parricidis,
1600 789 1704 830 quo-

282 867 378 894 rum
409 867 594 909 magnus
628 853 688 895 ibi
720 853 777 896 sit
812 868 1040 904 numerus3
1075 867 1146 895 eos
1179 866 1303 905 vero,
1337 849 1496 907 eloquii
1529 849 1705 891 technas

284 942 545 984 magnopere
586 928 846 982 admiratos,
892 928 1083 984 palmam
1129 926 1364 983 sapientiae
1403 926 1441 968 ei
1474 924 1706 975 detulisse3

283 1017 367 1058 quo
400 1003 605 1059 suffragio
638 1004 802 1046 elatum
835 1018 934 1045 eum
967 1003 1049 1045 sibi
1070 1002 1316 1058 poposcisse
1338 1001 1518 1054 solium,
1544 999 1708 1055 optimo

282 1077 475 1119 debitum
524 1082 696 1133 poetae,
745 1078 789 1120 in
836 1093 920 1135 quo
966 1078 1186 1133 hucusque
1235 1077 1417 1119 sedisset
1448 1074 1702 1129 Aeschylus.

284 1152 388 1194 Mox
435 1153 562 1195 ambo
607 1153 760 1209 tragici
805 1153 958 1195 ineunt
1003 1156 1217 1195 certamen
1258 1151 1497 1207 poeticum,
1540 1150 1584 1191 in
1627 1164 1710 1205 quo

542 1354 614 1388 πῶς
636 1352 698 1383 οὖν
721 1350 919 1391 α’πολαβεῖν
942 1351 1128 1393 τάργύριον
1152 1350 1278 1388 δίκαιος
1302 1351 1348 1389 εἷ,

541 1410 567 1441 εἰ
589 1410 692 1452 μηδὲν
715 1410 814 1442 οἶσθα
838 1413 906 1442 τῶν
928 1410 1103 1452 μετεώρων
1126 1410 1352 1452 πραγμάτων;

284 1472 339 1509 (ex
362 1480 425 1511 quo
447 1470 517 1502 loco
540 1469 635 1500 nimis
657 1469 761 1500 multa
783 1474 896 1510 petere
907 1469 1129 1501 mihividetur
1139 1467 1659 1510 Bernh.l.l.pag.407infra).—
1674 1468 1714 1499 In

282 1530 345 1561 fine
380 1534 490 1561 autem
526 1529 652 1561 fabulae
682 1529 834 1570 egregios
865 1529 989 1561 fructus
1013 1538 1118 1561 novae
1140 1529 1220 1560 artis
1243 1528 1440 1566 rhetoricae,
1464 1538 1527 1569 qua
1549 1527 1583 1558 in
1606 1527 1714 1559 schola

283 1589 426 1622 Socratis
460 1589 604 1620 imbutus
637 1594 704 1627 est,
735 1589 894 1628 ostendit,
929 1599 1031 1631 quum
1066 1589 1152 1630 patri
1185 1589 1387 1619 demonstret
1411 1588 1489 1629 jure
1522 1597 1596 1619 eum
1630 1598 1649 1619 a
1679 1597 1714 1619 se

281 1648 453 1690 vapulare,
475 1648 552 1689 quin
577 1648 677 1680 etiam
700 1654 842 1681 matrem
865 1649 986 1690 pugnis
1009 1654 1139 1690 pectere
1162 1658 1228 1679 non
1250 1648 1402 1679 illicitum
1425 1657 1506 1680 esse.

325 1707 515 1740 Pessimum
548 1707 773 1754 mythologiae
802 1718 914 1746 usum,
938 1718 1002 1749 quo
1024 1708 1057 1739 id
1082 1708 1192 1750 agitur
1213 1714 1250 1739 ut
1272 1707 1444 1738 hominum
1467 1706 1591 1748 flagitia
1613 1716 1706 1747 prae-

283 1773 439 1800 texantur
472 1769 610 1800 deorum
644 1772 677 1799 et
711 1768 852 1799 heroum
885 1768 1098 1806 auctoritate,
1133 1768 1262 1809 saepius
1285 1767 1391 1808 tangit
1413 1767 1652 1808 Aristophanes
1675 1767 1708 1798 in

286 1828 341 1860 illo
364 1827 514 1859 binorum
538 1827 657 1869 Λόγων
679 1827 851 1869 colloquio.
896 1828 951 1861 Sic
974 1838 1022 1860 VS.
1045 1829 1109 1860 904
1132 1837 1217 1868 sqq.:

632 1890 703 1924 πῶς
727 1886 828 1927 δῆτα,
854 1887 945 1927 δίκης
969 1888 1086 1927 οὔσης,
1113 1886 1129 1918 ὁ
1154 1889 1233 1924 Ζεὺς

633 1947 692 1978 οὐκ
716 1946 900 1980 ἀπόλωλεν
922 1948 983 1979 τὸν
1007 1946 1122 1988 πατέρ’
1147 1946 1252 1978 αὑτοῦ

633 2006 752 2045 ὂὴσας;

290 2077 336 2098 vs.
384 2066 600 2098 1043-1052
632 2065 788 2106 probatur
823 2066 975 2107 exemplo
1008 2065 1162 2098 Herculis
1201 2065 1349 2097 thermas
1385 2070 1552 2106 praestare
1589 2064 1718 2106 frigidis

288 2125 431 2163 balneis;
466 2126 641 2157 Nestorem
674 2134 773 2166 porro
808 2124 984 2167 α’γορητὴν
1016 2125 1137 2157 imitari
1172 2125 1322 2157 dicuntur
1359 2125 1413 2166 qui
1449 2125 1555 2156 forum
1590 2129 1718 2162 terunt;

287 2186 414 2218 ridetur
446 2195 585 2227 parvum
617 2186 704 2227 quod
727 2185 830 2217 Peleo
853 2185 887 2216 ἐκ
909 2187 971 2224 τῆς
995 2185 1211 2227 σωφροσύνης
1233 2184 1331 2216 rediit
1352 2184 1497 2222 lucrum,
1522 2183 1608 2215 ensis
1634 2183 1718 2214 scili-

289 2251 341 2277 cet
373 2249 407 2276 et
440 2254 526 2276 uxor
559 2244 651 2276 brevi
685 2255 761 2277 eum
795 2244 1008 2281 derelictura,
1045 2255 1147 2286 quum
1181 2244 1390 2286 Hyperbolus
1422 2248 1490 2275 tam
1519 2244 1623 2275 multa
1645 2253 1716 2276 cor-

288 2304 405 2335 raserit
438 2304 562 2335 talenta
596 2313 652 2344 per
686 2305 864 2344 πονηρίαν.
914 2304 966 2336 Sic
999 2304 1138 2345 denique
1170 2304 1309 2345 injustus
1340 2304 1396 2336 ille
1418 2310 1525 2336 orator
1549 2303 1715 2335 concludit

290 2374 336 2395 vs.
363 2365 446 2397 1076
468 2373 551 2405 sqq:

464 2423 623 2463 ἥμαρτες,
649 2422 817 2463 ἠράσθης,
842 2422 1039 2463 ἐμοίχευσάς
1064 2435 1112 2462 τι,
1137 2421 1209 2464 κᾷτ’
1234 2422 1387 2464 ἐλίγφθης·

465 2482 664 2518 α’πόλωλας·
690 2480 862 2519 ιίὃὺνατος
886 2483 948 2523 γὰρ
972 2483 999 2513 εἴ
1021 2482 1140 2524 λέγειν.
1175 2483 1243 2524 ἐμοὶ
1268 2481 1294 2513 δ’
1318 2482 1442 2523 ὁμιλῶν

464 2544 531 2583 χρῶ
557 2543 598 2583 τῇ
622 2540 733 2582 φύσει,
759 2542 892 2582 σκίρτα,
918 2541 1016 2583 γέλα,
1041 2542 1149 2582 νόμιζε
1173 2541 1276 2583 μηδὲν
1301 2541 1451 2583 αἰσχρόν.

464 2601 583 2640 μοιχὸς
608 2600 670 2641 γὰρ
694 2599 737 2637 ἢν
761 2599 866 2642 τύχῃς
891 2600 1014 2640 ἁλούς,
1040 2600 1111 2632 τάδ’
1137 2600 1286 2642 α’ντερεῖς
1311 2602 1396 2642 πρὸς
1420 2601 1536 2637 αὐτόν,

466 2660 507 2696 ὡς
534 2659 630 2691 οὐδὲν
655 2659 824 2698 ἠδίκηκας·
850 2659 904 2691 εἴτ’
929 2660 961 2697 ἐς
986 2661 1047 2692 τὸν
1069 2660 1119 2691 Δί’
1143 2661 1389 2702 ἐπανενεγκεῖν,

465 2718 616 2756 κάκεῖνος
641 2719 685 2756 ὡς
708 2720 818 2758 ἥττων
842 2720 963 2760 ἔρωτός
987 2720 1055 2751 ἐστι
1078 2723 1131 2751 καὶ
1157 2723 1332 2762 γυναικῶν·

466 2779 572 2809 καίτοι
598 2780 637 2809 σὺ
662 2778 784 2816 Θνητὸς
807 2778 854 2809 ὢν
878 2779 953 2809 θεοῦ
980 2782 1051 2816 πῶς
1073 2779 1186 2819 μεῖζον
1211 2779 1253 2810 ἂν
1276 2778 1412 2814 ὃύνα(();

342 2839 348 2857 ¹
400 2839 472 2868 l'ac.
500 2847 545 2868 vs.
569 2838 649 2874 532,
675 2836 821 2868 Acharn.
847 2847 893 2868 vs.
917 2837 991 2869 398.

340 2897 351 2917 ²
400 2896 543 2928 Achai-n.
570 2906 617 2927 vs.
642 2897 724 2931 444,
749 2896 823 2927 Par.
848 2907 892 2927 vsu
918 2897 989 2927 5:34.
