1956 3346
1009 215 1060 253 32

385 333 476 374 Non
525 340 628 388 puto
673 333 865 388 pluribus
900 335 1108 389 exemplis
1143 350 1208 377 me
1243 336 1432 392 indigere
1465 337 1618 392 quibus
1653 353 1737 379 rem

322 409 621 450 demonstrem.
660 408 855 448 Addam·
887 423 1018 449 unuin
1045 414 1198 451 tamen.
1250 410 1297 451 In
1318 410 1637 454 Andromaches
1656 414 1740 454 fine

321 484 465 525 Thetis
499 484 642 535 adest,
678 490 717 524 et
750 483 951 524 miserum
984 498 1128 525 senem
1166 485 1312 538 Pelea,
1344 486 1416 540 qui
1450 487 1661 542 projectus
1696 488 1738 528 in

320 559 538 612 pulverem
578 557 704 598 deflet
735 557 923 598 excisum
964 558 1165 599 ultimum
1199 559 1264 600 sui
1296 561 1463 613 generis
1497 562 1738 605 surculum.

321 632 499 673 mirifico
552 632 676 672 modo
735 633 999 674 consolatur:
1049 648 1202 688 nempe
1247 634 1370 676 deum
1414 635 1538 689 facit,
1585 651 1738 692 purum

321 716 471 761 putum
505 707 631 748 deum
666 707 951 750 immortalem
985 710 1067 761 (vs.
1109 709 1621 764 1256)‚1·edint0gratura
1643 727 1738 754 cum

320 798 368 823 eo
421 783 613 837 nuptias,
669 798 742 837 per
795 784 1079 838 quadraginta
1133 785 1283 839 opinor
1333 799 1466 826 annos
1524 785 1738 827 intermis—

320 872 400 899 sas,
458 858 588 900 Divae
615 859 750 913 jussis
782 860 1081 915 obtemperans
1117 860 1269 902 Peleus
1300 860 1583 910 παύειλὺπηυ-
1619 863 1740 918 Rogo

321 943 488 975 tamen:
523 939 720 988 potestne
753 936 903 990 homo,
939 937 1002 978 vel
1037 937 1113 978 (leo
1140 937 1345 991 jubente,
1371 951 1525 992 ponere
1548 937 1741 978 luctum?

323 1009 469 1052 Unum
515 1009 672 1051 dixeris
717 1015 886 1066 tempus
929 1025 1053 1066 posse
1089 1011 1296 1053 obducere
1331 1011 1546 1053 cicatrices
1581 1011 1740 1053 talibus

320 1086 591 1137 vulneribus,
624 1101 708 1127 non
738 1101 834 1128 vero
871 1087 1063 1128 sufficere
1093 1092 1140 1129 ut
1170 1087 1325 1143 aliquis
1359 1101 1608 1142 superorum
1627 1086 1741 1128 dicat

323 1162 409 1201 “ne
441 1161 594 1215 luges'
632 1162 685 1203 ad
717 1162 937 1204 siccandas
975 1163 1171 1204 lacrimas
1203 1163 1256 1204 ob
1278 1168 1451 1218 gentem
1468 1163 1552 1205 cari
1571 1162 1739 1216 nepotis

320 1237 445 1278 caede
477 1238 712 1278 extinctam
751 1238 946 1280 fluentes.

381 1312 432 1353 In
472 1312 537 1353 his
584 1313 707 1354 rebus
746 1313 915 1368 justum
961 1313 1133 1355 modum
1183 1319 1324 1356 tenere
1368 1327 1452 1355 non
1495 1313 1619 1354 datur
1658 1311 1740 1352 nisi

320 1387 453 1428 menti
486 1387 601 1442 piae,
635 1402 733 1428 vera
764 1388 953 1430 numinis
984 1389 1219 1430 reverentia
1254 1389 1464 1442 imbutae,
1497 1395 1740 1444 propterea-

320 1477 401 1518 que
441 1478 464 1504 a
497 1464 717 1505 subtiliore
749 1465 799 1506 (lc
830 1464 908 1505 deo
941 1465 1006 1506 vel
1040 1465 1091 1506 dc
1124 1465 1206 1506 diis
1239 1465 1531 1520 disputatione
1562 1465 1736 1506 alienae.

321 1537 469 1593 Neque
513 1538 786 1594 antiquorum
832 1554 967 1595 neque
1011 1541 1294 1582 recentiorum
1337 1541 1534 1596 cuiquam
1580 1539 1741 1582 solvere

320 1612 503 1667 contigit
544 1615 740 1669 aenigma
788 1615 918 1667 illud,
956 1616 1167 1670 quomodo
1200 1616 1401 1671 conjungi
1434 1616 1571 1671 possit
1600 1615 1739 1656 homi-

324 1702 428 1728 num
459 1688 633 1730 libertas
666 1704 759 1731 eum
794 1690 965 1732 coelesti
1004 1696 1216 1746 potestate
1247 1706 1331 1746 qua
1351 1692 1494 1732 omnia
1512 1694 1738 1745 reguntur3

321 1763 373 1805 de
417 1778 502 1819 qua
545 1778 587 1804 re
635 1764 746 1805 inter
802 1764 1070 1807 Christianos
1098 1780 1265 1820 quoque
1292 1765 1411 1820 justo
1441 1765 1632 1807 acerbius
1661 1779 1741 1819 pu-

320 1844 500 1892 gnatum
539 1844 624 1892 est,
658 1838 859 1893 dogmate
890 1839 1297 1894 praedestinationis
1328 1839 1564 1881 multorum
1597 1839 1742 1880 incen-

322 1912 448 1954 dente
486 1912 664 1954 animos.
734 1913 778 1955 Si
809 1914 953 1956 omnia
979 1914 1135 1956 referas
1169 1915 1221 1956 ad
1253 1929 1475 1969 supremae
1505 1913 1740 1956 voluntatis

321 1988 570 2042 arbitrium,
603 1992 743 2029 metus
776 1994 841 2030 est
872 2003 924 2030 ne
954 1989 1080 2030 tollas
1111 1989 1351 2031 libertatem
1387 1989 1644 2038 humanam3
1675 1989 1739 2029 siu

323 2063 431 2105 hanc
476 2062 690 2104 vindicare
735 2063 865 2116 velis,
906 2077 989 2104 non
1038 2063 1183 2105 omnia
1226 2068 1337 2106 certe
1367 2063 1538 2105 coelesti
1573 2062 1741 2104 numini

324 2138 514 2193 subjecta
544 2136 748 2179 concedas
781 2152 952 2179 necesse
983 2143 1073 2191 est,
1109 2138 1285 2194 ideoque
1317 2138 1543 2193 proclivior
1575 2137 1656 2180 eris
1688 2138 1740 2179 ad

326 2212 594 2254 infitiandam
644 2212 958 2267 providentiam
1002 2212 1205 2254 divinam.
1274 2213 1323 2254 In
1370 2212 1600 2268 tragoediis
1643 2227 1741 2253 vero

324 2288 629 2342 componendis
667 2295 846 2344 utraque
880 2289 1092 2331 sentiendi
1124 2290 1232 2331 ratio
1263 2290 1519 2344 gravissima
1536 2288 1741 2331 affertin-

324 2363 557 2405 commoda.
606 2364 646 2405 Si
681 2365 811 2418 enim,
845 2365 1094 2407 numinibus
1126 2366 1299 2421 fatoque
1328 2380 1500 2420 prorsus
1533 2363 1739 2415 sublatis,

324 2439 470 2480 omnia
496 2444 651 2480 temere
679 2440 846 2481 evenire
880 2445 1070 2493 statuas,
1104 2440 1239 2482 aberit
1269 2455 1403 2482 nexus
1438 2440 1546 2481 inter
1571 2438 1739 2492 culpam

324 2519 366 2555 et
403 2528 605 2569 poenam,
650 2514 741 2556 sine
779 2529 862 2569 quo
895 2529 977 2555 non
1014 2519 1156 2570 potest
1188 2515 1305 2558 nasci
1338 2514 1478 2571 φόβος
1512 2515 1582 2556 illc
1615 2528 1739 2569 quem

327 2588 578 2630 Aristoteles
622 2589 761 2643 poscit
792 2593 814 2630 ¹.
884 2590 975 2629 Diis
1020 2604 1117 2631 vero
1159 2605 1208 2631 ex
1254 2589 1502 2631 inexorabili
1538 2589 1630 2643 lege
1662 2588 1739 2630 sati

326 2664 466 2705 ‹nnnia
511 2663 876 2717 gubernantibus,
925 2665 1165 2706 dramatum
1199 2665 1398 2707 materies
1429 2664 1499 2706 vix
1532 2670 1633 2718 apta
1662 2663 1741 2704 erit

326 2739 376 2779 :ul
421 2738 652 2779 movendos
697 2743 967 2792 spectatores.
1036 2740 1152 2790 Quae
1199 2740 1312 2780 enim
1346 2740 1488 2781 futura
1523 2745 1621 2779 sunt
1651 2738 1740 2791 jam

372 2902 377 2921 ¹
427 2902 477 2934 (Ὗ.
503 2913 600 2943 snlra
624 2914 686 2944 pag
722 2905 766 2935 23
789 2905 860 2934 wln.
885 2906 905 2936 ’.ἶ
929 2909 959 2935 ct
982 2906 1022 2936 24
1049 2907 1117 2935 adn¹
1145 2907 1174 2935 3.
