1956 3346
753 577 984 627 CAPUT
1031 577 1101 624 11.

641 660 649 669 ¹
699 691 924 720 autumnus
977 669 1045 725 εἴθ
1058 691 1084 725 ε
1096 691 1117 724 0
1131 691 1170 732 ς.

863 803 971 811 affy-*sss
980 803 1022 810 να-

403 884 420 936 ξ
463 886 493 924 l.
565 883 678 935 Quid
708 883 1010 938 Aristophanes
1041 883 1116 924 hac
1147 882 1197 923 de
1224 897 1268 923 re
1299 882 1464 923 dixerit.

287 1080 430 1122 Primo
482 1081 572 1122 loco
627 1081 670 1121 iu
723 1094 899 1122 censum
952 1079 1070 1121 venit
1119 1078 1354 1134 impictatis
1412 1078 1648 1121 accusatio.

224 1156 418 1198 omnium
454 1156 722 1212 gravissima.

286 1231 382 1273 Non
427 1231 631 1287 exiguum
674 1230 863 1286 profecto
909 1230 1067 1271 crimen
1112 1232 1227 1282 erat,
1267 1229 1303 1271 si
1337 1228 1432 1284 quis
1464 1227 1650 1270 Athenis

227 1307 320 1349 istis
355 1307 618 1362 temporibus
653 1305 851 1362 ἀσεβείας
875 1305 1207 1347 insimularetur.
1248 1303 1452 1346 Damnati
1476 1304 1649 1346 Anaxa-

223 1397 372 1438 goras,
415 1380 647 1437 Diagoras,
681 1381 780 1434 alii,
815 1380 956 1423 solum
989 1380 1194 1422 vertendo
1227 1381 1297 1421 vix
1330 1385 1513 1422 mortem
1545 1378 1651 1422 effu-

223 1461 396 1513 gerant3
435 1456 624 1499 Socratis
647 1456 909 1512 supplicium
932 1470 1033 1498 mox
1054 1456 1335 1510 probaturum
1358 1461 1462 1508 crat,
1482 1454 1652 1496 laudem

225 1531 421 1587 pietatis,
465 1546 549 1587 qua
593 1532 880 1574 Athenienses
913 1531 1226 1587 gloriabantur,
1260 1531 1313 1572 ab
1349 1531 1400 1573 iis
1436 1537 1651 1573 servatum

228 1607 279 1649 iri
313 1607 463 1664 quovis
496 1607 647 1662 modo,
681 1607 749 1649 vel
781 1621 855 1663 per
888 1606 1078 1649 tribunal
1099 1613 1141 1648 ct
1163 1607 1350 1649 cicutam
1371 1607 1397 1648 ¹.
1436 1606 1653 1647 “Tantum

226 1682 378 1738 religio
410 1683 555 1739 potuit
587 1683 764 1725 suadere
795 1682 1007 1725 malorum

289 1758 439 1810 Qualis
483 1773 580 1801 vero
625 1763 715 1801 crat
758 1758 834 1800 illa
864 1758 1026 1814 pietas,
1059 1773 1187 1813 quam
1221 1757 1511 1799 Athenienses
1544 1757 1654 1798 tanti

229 1835 443 1877 faciebant
484 1838 534 1875 ut
566 1834 676 1875 intcr
708 1833 959 1887 blanditias,
995 1833 1151 1889 quibus
1184 1837 1334 1888 poetae
1366 1838 1653 1887 spectatorum

229 1910 394 1952 animos
440 1909 627 1952 delenire
670 1909 919 1961 studerent,
964 1908 1301 1950 usitatissimum
1340 1913 1452 1950 esset
1483 1907 1657 1950 laudare

1020 1683 1060 1713 ’θ’
1083 1683 1100 1708 2

229 1984 440 2042 εὐσέβειαν
471 1984 644 2027 Atticae
677 1983 864 2026 civitatis
884 1984 930 2024 3?
971 1982 1217 2026 Fatendum
1248 1989 1334 2035 est,
1359 1983 1393 2025 si
1417 1982 1655 2027 accuratius

230 2061 442 2117 inquiras,
488 2059 561 2101 vix
592 2059 822 2115 quicquam
853 2063 1022 2114 praeter
1053 2072 1220 2101 cassam
1254 2073 1408 2100 nucem
1442 2058 1652 2100 inveniri:

229 2140 399 2178 vetusta
430 2134 664 2188 solemnia,
698 2135 984 2190 praescriptos
1016 2134 1150 2188 ritus,
1185 2133 1375 2176 carmina
1407 2134 1538 2175 sacris
1563 2147 1655 2175 ver-

228 2210 294 2253 bis
327 2215 555 2266 concepta,
590 2210 843 2265 fabulasque
875 2209 1125 2266 permultas.
1182 2207 1296 2250 Hinc
1331 2209 1397 2250 vel
1430 2208 1656 2250 minimam

230 2286 450 2328 detrahere
477 2286 748 2341 particulam,
768 2285 906 2328 scelus
922 2285 1200 2334 censebatur3
1221 2285 1294 2326 sed
1318 2284 1656 2340 quotusquisque

275 2393 281 2412 ¹
309 2394 421 2426 Renun
447 2393 494 2425 les
518 2394 680 2435 Apotres»,
704 2403 776 2434 pag.
802 2394 881 2425 314:
917 2392 968 2424 “n
990 2402 1031 2424 ne
1054 2392 1122 2423 faut
1145 2402 1202 2433 pas
1218 2391 1386 2425 l'oublier.
1402 2390 1553 2423 Athencs
1570 2392 1656 2422 avait

232 2452 306 2484 “bel
329 2461 362 2484 υι
385 2453 458 2484 bien
481 2452 704 2494 l'inqnisition.
730 2453 791 2485 Les
813 2452 930 2487 dicux,
953 2452 1007 2493 qu'
1031 2451 1255 2492 Aristophane
1278 2452 1422 2482 busouait
1440 2461 1495 2482 sur
1511 2451 1542 2481 la
1555 2451 1658 2485 scene,

229 2512 376 2544 “tunicnt
412 2510 625 2553 quelquesois.
674 2512 717 2543 Ils
752 2511 882 2543 tuerent
917 2513 1071 2547 Socrate.
1109 2512 1147 2542 ils
1186 2511 1341 2543 suillirent
1378 2518 1451 2542 iuer
1475 2511 1656 2542 Alcibiade.

231 2573 488 2612 “Anaxagoras,
512 2571 727 2611 Protagoras,
753 2571 924 2603 Theodoro
948 2570 1100 2606 l'Athee.
1125 2571 1290 2612 Diagoras
1309 2572 1349 2602 de
1363 2570 1485 2605 Melos.
1502 2571 1659 2602 Prodicus

232 2633 292 2662 “de
324 2630 422 2667 0605,
457 2630 601 2671 Stilpon,
637 2631 800 2666 Aristone.
825 2630 1066 2670 Theophraste,
1094 2631 1250 2670 Euripide
1275 2631 1379 2660 furem
1406 2631 1478 2670 plus
1490 2640 1531 2661 ou
1555 2630 1658 2661 moins

232 2691 490 2722 “seriensement
513 2689 702 2730 inquiet-§ss

275 2749 287 2768 ²
311 2749 442 2780 Lucret.
466 2749 500 2786 Ι,
523 2749 592 2781 102.

276 2810 288 2828 ³
314 2809 361 2842 Ut
394 2809 434 2840 de
456 2809 528 2840 aliis
555 2814 677 2840 taceam
708 2809 827 2849 poetis,
852 2818 914 2840 non
939 2819 957 2839 u
985 2818 1018 2840 re
1041 2809 1169 2839 videtur
1193 2808 1243 2840 hie
1268 2807 1470 2841 meminisse,
1497 2817 1536 2838 ex
1564 2807 1655 2837 linri-

234 2869 317 2910 pidis
349 2868 484 2900 servatis
519 2868 635 2899 fabulis
670 2869 750 2900 duas
783 2868 814 2898 in
849 2868 978 2899 laudem
1007 2867 1137 2900 Atticae
1170 2867 1338 2906 ιίισιριιας
1363 2876 1431 2897 cssc
1454 2866 1657 2906 compositae,

236 2927 405 2968 Supplices
419 2933 450 2959 et
465 2927 673 2959 Heraclidas:
691 2927 810 2959 Thesei
824 2927 854 2957 in
869 2927 940 2961 illa.
959 2928 989 2958 in
1005 2927 1062 2958 hac
1080 2926 1339 2966 Demophoontis
1357 2927 1459 2966 piem
1471 2926 1648 2957 celebratur
