1956 3346
973 185 997 223 8

278 308 452 350 Periclis
485 312 688 348 mortem:
726 306 820 347 ideo
853 305 1129 359 optimatium
1160 305 1352 360 partibus
1387 320 1430 346 se
1461 305 1629 346 addixit
1658 306 1695 357 ¹,

274 399 349 425 nec
393 383 621 439 quicquam
667 381 819 423 habuit
861 379 1082 434 antiquius
1127 394 1252 435 quam
1297 385 1343 421 ut
1377 383 1570 435 tempora
1598 380 1696 421 Ari-

275 458 399 500 stidis
443 464 486 500 ct
534 456 726 499 Cimonis
772 459 987 496 revocaret
1010 455 1039 507 2,
1086 468 1161 508 pro
1205 455 1366 496 viribus
1414 455 1524 507 suis,
1559 455 1697 497 multo

273 534 446 589 quidem
479 532 711 585 majoribus
745 544 874 585 quam
904 529 1134 571 hodiernus
1170 535 1293 584 pocta
1322 536 1536 584 praestare
1553 536 1698 585 posset

276 611 315 650 in
359 609 482 650 rebus
522 606 733 662 politicis,
780 605 853 647 sed
899 606 959 646 ita
990 611 1135 646 minen
1168 611 1217 646 ut
1251 605 1394 647 minus
1432 605 1504 647 illc
1537 605 1698 647 valeret

272 683 465 725 versibus
496 696 624 737 quam
656 680 730 722 alii
762 680 890 722 multi
922 686 997 721 aut
1028 679 1179 735 opibus
1217 684 1291 720 aut
1323 679 1480 735 gladiis
1506 680 1532 721 ³.
1590 680 1696 721 Bea-

275 764 343 800 tus
392 763 535 800 autem
578 756 794 798 vocandus
843 760 933 809 est,
982 756 1094 810 quod
1126 769 1200 809 per
1237 754 1388 809 longos
1419 768 1553 796 annos
1587 768 1698 795 nun—

273 847 399 888 quam
447 831 692 886 desperavit
732 832 836 886 quin
873 846 948 886 per
984 845 1062 872 sua
1093 829 1283 872 carmina
1315 830 1559 871 restitueret
1595 829 1699 870 civi-

273 909 374 950 tatis
433 907 677 962 civiumque
739 906 1029 948 conditionem
1090 906 1343 960 pristinam,
1406 908 1448 946 et
1509 908 1701 959 tempora

271 983 500 1038 praeterita
536 996 587 1024 ex
620 996 715 1024 orco
748 982 1014 1037 protraheret
1046 986 1094 1022 ut
1125 980 1386 1034 Aeschylum
1421 980 1463 1020 in
1483 979 1697 1021 Ranarum

271 1057 487 1100 comoedia
510 1057 546 1107 4;
594 1072 677 1112 qua
724 1057 766 1098 in
812 1071 855 1098 re
888 1057 1051 1098 nescias
1085 1060 1229 1097 utrum
1262 1055 1400 1110 magis
1434 1055 1597 1096 mireris
1632 1069 1697 1096 er-

272 1147 407 1174 rorem
442 1132 616 1187 judicii,
651 1146 734 1187 quo
766 1131 810 1172 id
843 1131 934 1172 ficri
967 1145 1091 1185 posse
1120 1130 1300 1185 putabat
1335 1130 1448 1185 quod
1481 1144 1701 1185 nunquam

272 1209 433 1250 sactum
466 1212 531 1250 est
564 1222 701 1263 neque
731 1207 831 1259 fiet,
866 1213 915 1248 ut
933 1206 1137 1260 temporis
1155 1205 1312 1247 fluctus
1331 1205 1701 1258 reti-Qvolvantur,

271 1298 323 1324 an
361 1283 565 1324 invictam
599 1282 733 1323 animi
765 1281 1077 1334 constantiam,
1113 1295 1197 1336 qua
1233 1295 1456 1335 nunquam
1489 1279 1624 1321 averti
1657 1293 1701 1321 se

272 1362 445 1412 passus
482 1364 547 1399 est
599 1371 623 1398 a
655 1371 782 1411 scopo
830 1371 957 1412 quem
1004 1356 1216 1411 attingere
1260 1356 1515 1409 enitebatur,
1565 1355 1699 1397 donec

274 1432 627 1487 Peloponnesiaci
661 1431 762 1473 belli
795 1431 936 1473 exitus
969 1445 1067 1472 eum
1101 1430 1246 1472 docuit
1279 1430 1442 1472 nullam
1476 1444 1595 1484 spem
1627 1443 1698 1471 sn-

271 1523 440 1563 peresse
473 1508 653 1549 miserae
685 1506 859 1561 patriae.

333 1584 475 1635 Quum
522 1596 619 1624 vero
665 1580 899 1637 inquireret
942 1582 986 1622 in
1035 1595 1182 1623 causas
1225 1580 1351 1623 istius
1397 1580 1701 1633 ochlocratiae,

272 1674 355 1714 qua
393 1658 540 1701 aedem
575 1657 781 1699 Soloneae
813 1657 1026 1704 πολιτείας
1059 1655 1121 1697 ita
1146 1655 1237 1711 jam
1272 1655 1499 1698 suffossam
1533 1655 1703 1710 conspi-

272 1735 411 1776 ciebat
456 1740 505 1776 ut
552 1734 710 1775 mirum
758 1732 974 1774 videretur
1016 1746 1109 1774 eam
1152 1732 1345 1773 nondum
1392 1746 1564 1786 prorsus
1611 1745 1702 1772 cor-

274 1811 409 1852 ruisse
437 1817 477 1863 ⁵‚
530 1809 696 1851 nullam
748 1807 996 1849 inveniebat
1039 1811 1115 1849 aut
1157 1808 1396 1863 propiorem
1446 1811 1521 1849 aut
1563 1806 1702 1862 magis

273 1885 576 1927 exsecrabilem
612 1898 739 1938 quam
774 1882 1045 1938 eloquentiae
1077 1882 1271 1924 abusum.
1340 1882 1455 1923 Hinc
1487 1881 1633 1923 odium
1663 1881 1700 1923 ei

275 1964 424 2002 natum
463 1957 736 2014 implacabile
768 1957 812 1999 in
838 1957 1044 1999 subtilem
1067 1957 1316 2012 disputandi
1336 1963 1470 1998 artem
1488 1971 1595 2012 quae
1613 1955 1703 2010 ejus

277 2035 541 2090 temporibus
586 2048 638 2075 ex
671 2032 829 2075 scholis
863 2032 1153 2087 sophistarum
1187 2033 1228 2074 in
1267 2032 1400 2074 vitam
1433 2046 1704 2074 communem

278 2109 550 2165 irrumpebat.
589 2109 737 2163 Neque
770 2108 814 2148 in
848 2108 973 2149 rebus
1007 2108 1166 2149 divinis
1200 2108 1324 2149 aliter
1358 2122 1404 2149 ac
1438 2106 1703 2149 inhumanis

323 2299 329 2316 ¹
355 2298 464 2336 Quum
490 2297 666 2338 Euripides
690 2298 795 2337 magis
821 2297 946 2328 faveret
969 2298 1197 2334 democratiae,
1221 2297 1260 2327 cf.
1287 2297 1370 2328 Rau.
1396 2307 1442 2328 vs.
1467 2298 1531 2328 952
1554 2306 1597 2337 sq.

320 2358 332 2376 ²
358 2358 412 2389 Sic
451 2359 589 2393 Demus,
621 2362 788 2398 postquam
822 2357 854 2387 in
878 2357 1035 2398 Equitum
1058 2356 1121 2387 fine
1145 2357 1351 2397 recuperavit
1376 2357 1524 2397 vigorem
1547 2362 1579 2388 et
1603 2356 1705 2386 virtu·

277 2424 356 2454 tem,
381 2423 517 2457 apparet
541 2416 671 2456 οἷόςπερ
696 2416 874 2458 Ἀριστείδῃ
894 2416 1052 2458 πρότερον
1076 2418 1128 2447 καὶ
1147 2416 1310 2457 Μιλτιάδῃ
1325 2417 1492 2452 ξυνεσίτει.
1511 2417 1571 2454 (vs.
1590 2417 1700 2453 1326).

322 2478 333 2496 ³
360 2478 458 2517 Vcsp.
484 2486 530 2506 vs.
554 2477 618 2507 650
642 2486 688 2516 sq.
713 2485 790 2507 vere
813 2476 858 2507 sic
884 2476 1124 2516 Aristophanes
1149 2476 1189 2506 de
1213 2476 1280 2507 suis
1304 2476 1418 2507 studiis
1442 2476 1598 2516 loquitur:

408 2537 558 2576 χαλεπὸν
582 2538 641 2576 μὲν
665 2537 716 2567 καὶ
743 2536 849 2574 δεινῆς
875 2537 1008 2577 γνώμης
1033 2537 1084 2566 καὶ
1110 2536 1261 2577 μείζονος
1287 2537 1304 2574 ἡ
1331 2536 1375 2567 ’πὶ
1402 2536 1590 2577 τρυγῳδοῖς.

408 2595 561 2625 ἰάσασθαι
589 2595 689 2625 νόσον
714 2595 859 2636 ἀρχαίαν
883 2596 917 2625 ἐν
942 2597 984 2636 τῇ
1011 2596 1102 2626 πόλει
1128 2597 1349 2627 ἐντετοκυῖαν.

321 2655 331 2672 ⁴¹
357 2654 407 2685 Cf.
433 2654 614 2685 Bernhard.
640 2664 713 2694 pag.
739 2654 812 2685 630.

321 2714 332 2731 ·'‘
359 2714 481 2743 Partim
514 2713 627 2752 jocans
664 2712 782 2753 partim
818 2714 901 2743 seria
936 2723 1035 2753 agens
1071 2713 1216 2745 Nubium
1254 2723 1301 2743 vs.
1325 2712 1387 2744 587
1423 2723 1491 2753 sqq.
1517 2719 1548 2743 et
1572 2713 1697 2744 Eccles.

279 2774 341 2804 473
374 2783 439 2812 sqq.
474 2778 706 2802 commemorat
744 2772 846 2812 λόγον
882 2772 1094 2812 μριιιτίρων,
1130 2772 1251 2803 «lictum
1282 2782 1301 2802 a
1326 2772 1502 2812 majoribus
1525 2778 1704 2811 acceptum,

283 2831 536 2862 Atheniensibus
572 2840 642 2861 csso
677 2829 887 2867 δυσβουλίαν
918 2832 1098 2869 quandam,
1124 2832 1178 2861 sed
1203 2832 1280 2861 deos
1305 2830 1387 2860 mala
1414 2831 1486 2861 indc
1514 2830 1649 2862 fluentia
1674 2832 1704 2862 in

280 2891 393 2921 bonam
420 2897 541 2928 partem
570 2894 694 2919 vcrtcrc
720 2888 834 2918 solere.
