1956 3346
938 200 990 237 40

258 332 389 372 paene
445 318 559 360 dieas
615 332 709 360 eum
776 318 936 372 gloriae
995 332 1134 359 amore
1179 318 1375 370 ductum,
1424 332 1517 359 cum
1568 317 1671 358 alios

258 397 405 446 poetas
439 396 527 433 arte
560 406 604 433 se
638 406 836 446 superare
869 406 992 447 posse
1025 393 1290 446 desperaret,
1325 392 1526 434 materiae
1562 398 1672 434 certe

257 468 376 522 eopia
410 469 575 508 vincere
607 467 794 508 voluisse
819 473 844 507 ¹.
903 466 970 508 Sic
1003 466 1046 507 in
1082 467 1328 509 Phoenissis
1351 467 1670 522 componendis,

257 559 387 599 quum
431 542 691 596 Aeschylum
728 542 1089 598 Sophoclemque,
1123 543 1194 597 qui
1230 542 1340 584 idem
1371 546 1672 596 argumentum

258 621 567 672 tractaverant,
618 617 929 671 aemularetur,
977 617 1021 658 id
1071 617 1356 672 excogitavit,
1404 622 1454 658 ut
1498 621 1672 659 cunctas

259 693 594 735 Labdacidarum
628 693 920 746 calamitates,
955 707 1133 747 quarum
1169 691 1366 746 singulae
1399 691 1484 732 illis
1502 692 1673 733 uberem

257 768 464 810 dramatis
510 767 731 809 materiem
781 767 1182 823 suppeditaverant,
1218 767 1346 808 unius
1373 764 1543 807 fabulae
1575 765 1673 805 fini-

261 843 339 884 hus
372 841 630 892 includeret3
664 843 808 884 eredas
841 857 940 884 eum
971 841 1217 897 putavisse,
1253 856 1335 896 quo
1367 840 1492 895 plura
1523 854 1673 881 nume-

258 921 453 959 rarentur
498 916 673 971 funera,
708 932 756 959 eo
789 917 1008 959 meliorem
1041 922 1084 958 et
1117 916 1352 971 graviorem
1386 915 1474 956 fore
1507 919 1674 969 tragoe-

258 993 398 1041 ‹liam3
449 997 667 1048 praeterea
711 992 954 1047 Antigones
1000 991 1076 1033 illa
1117 993 1405 1047 τειχοσκοπῖα,
1440 1004 1546 1044 quae
1577 988 1684 1044 post'

255 1068 454 1109 Jocastae
497 1067 704 1122 frigidum
753 1066 979 1121 prologum
1022 1080 1096 1120 per
1148 1067 1229 1106 160
1261 1078 1407 1106 versus
1438 1078 1481 1105 se
1514 1063 1671 1116 trahit,

256 1143 337 1185 etsi
369 1157 443 1197 per
475 1156 519 1184 se
552 1142 694 1183 suavis
729 1141 914 1183 imitatio
941 1139 1140 1194 Homeri,
1174 1139 1228 1181 ad
1256 1139 1426 1181 fabulae
1447 1153 1674 1194 argumen-

256 1223 347 1258 tum
381 1217 492 1258 nihil
525 1216 713 1270 confert,
759 1219 808 1257 ut
823 1216 875 1257 ab
894 1215 1178 1270 hypotheseos
1199 1214 1402 1269 scriptore
1420 1227 1514 1254 vere
1531 1213 1674 1254 obser-

255 1296 414 1333 vatum.
472 1291 554 1333 Sed
588 1290 786 1346 inprimis
815 1290 1069 1344 dolendum,
1095 1288 1310 1330 Menoecei
1332 1293 1515 1330 mortem
1536 1288 1578 1328 in
1597 1287 1674 1330 hac

255 1366 400 1409 fabula
433 1380 525 1408 esse
558 1369 857 1407 memoratam:
890 1364 1082 1420 generosi
1116 1363 1237 1419 pueri
1268 1363 1412 1405 nobile
1443 1363 1578 1405 letum
1609 1362 1674 1404 di-

254 1457 390 1497 gnum
421 1446 512 1483 erat
541 1440 654 1496 quod
683 1440 811 1495 paulo
841 1440 965 1481 aliter
996 1442 1219 1481 caneretur
1252 1453 1380 1494 quam
1408 1438 1452 1478 in
1472 1437 1671 1490 transitu,

256 1517 480 1559 duodecim
523 1518 694 1557 tantum
740 1513 933 1556 versibus
980 1513 1024 1554 in
1070 1512 1216 1554 nuncii
1256 1512 1499 1554 narratione
1540 1511 1592 1553 de
1624 1525 1672 1553 eo

255 1592 495 1647 agentibus.
561 1589 650 1631 Nee
695 1604 781 1631 non
825 1589 868 1630 in
913 1588 1009 1630 aliis
1053 1588 1211 1630 fabulis
1255 1587 1415 1629 similia
1451 1592 1675 1629 occurrunt

258 1666 538 1708 incommoda.
605 1664 655 1705 In
705 1663 882 1706 Hecuba
934 1664 1046 1705 inter
1095 1663 1339 1716 Polyxenae
1388 1666 1430 1704 et
1475 1660 1677 1715 Polydori

257 1740 429 1794 funera,
474 1755 581 1796 quae
623 1740 743 1782 nullo
775 1739 947 1782 vinculo
982 1743 1083 1781 sunt
1109 1739 1262 1794 juncta
1279 1740 1311 1793 ⁶2,
1345 1737 1551 1780 dividitur
1579 1751 1675 1792 spe-

258 1819 469 1857 ctatorum
503 1815 683 1857 animus.
736 1815 787 1856 In
820 1814 1063 1856 Heraclidis
1085 1828 1182 1855 cum
1205 1813 1415 1855 Macariae
1437 1812 1678 1855 voluntaria

261 1905 373 1932 mors
436 1895 528 1932 tum
592 1889 824 1944 Eurysthei
870 1903 1008 1944 poena
1062 1892 1268 1931 cantatur.
1347 1888 1398 1928 In
1464 1887 1678 1943 Supplici-

261 1966 340 2007 bus
382 1966 621 2021 episodium
662 1965 713 2007 de
755 1965 931 2007 Evadne
971 1965 1013 2006 in
1055 1964 1198 2006 mariti
1232 1962 1419 2018 Capanei
1451 1977 1601 2017 rogum
1634 1975 1678 2003 se

305 2107 310 2125 ¹
359 2107 434 2137 Non
458 2105 553 2136 facile
576 2104 718 2135 adducar
744 2109 777 2133 ut
799 2102 958 2133 caleulum
982 2101 1131 2141 adjiciam
1154 2100 1368 2137 Bernhardio,
1392 2100 1436 2131 ita
1447 2101 1486 2131 de
1498 2100 1557 2130 hae
1569 2109 1678 2131 rerum

259 2165 454 2197 abundantia
487 2164 645 2194 rationem
682 2162 830 2193 reddenti
866 2162 951 2201 (pag.
988 2162 1081 2199 432):
1115 2160 1244 2191 “dieses
1278 2160 1421 2192 Unmass
1445 2159 1534 2190 eines
1557 2159 1681 2190 iiberla-

257 2225 386 2256 “denen
420 2223 603 2255 Plans....
644 2221 738 2253 sollte
775 2222 826 2252 die
862 2220 1102 2260 Verflechtung
1137 2220 1194 2251 der
1229 2219 1402 2260 geheimen
1430 2218 1543 2250 Fiiden
1566 2218 1600 2249 in
1622 2219 1680 2249 der

259 2283 446 2315 “sitilichen
479 2282 570 2314 Welt
603 2280 813 2312 anschaulieh
846 2279 995 2317 macheu,
1016 2279 1082 2310 und
1105 2278 1262 2319 beiliiufig
1285 2277 1343 2309 auf
1373 2278 1426 2309 die
1449 2277 1678 2318 verborgenen

263 2343 390 2383 “KVc-ge
424 2342 481 2372 der
517 2339 665 2372 Gottheit
698 2339 743 2369 im
778 2338 935 2369 unklaren
969 2336 1170 2369 Lebenslauf
1188 2338 1245 2368 der
1268 2336 1449 2368 Menschen
1472 2334 1679 2367 hinweisen.''

261 2402 363 2441 (Vide
387 2401 487 2432 etiam
510 2409 585 2440 pag.
613 2399 697 2438 159.)
713 2416 750 2421 --
772 2398 827 2430 Sic
850 2404 963 2439 poetae
975 2397 1107 2438 antiquo
1120 2397 1255 2427 consilia
1269 2403 1300 2427 et
1311 2395 1480 2437 opiniones
1493 2395 1680 2426 tribuuntur

259 2463 298 2492 de
333 2460 448 2501 quibus
482 2468 523 2489 ne
558 2468 696 2498 uuquam
731 2457 901 2488 somniavit
923 2456 1068 2497 quidem:
1091 2461 1179 2487 certe
1201 2465 1266 2486 non
1289 2456 1365 2487 satis
1389 2461 1459 2486 erat,
1481 2454 1680 2495 expressisse

260 2520 343 2550 hane
377 2518 580 2559 opinionem,
618 2526 700 2557 quae
733 2516 794 2547 nisi
825 2516 934 2547 solidis
967 2516 1170 2556 argumentis
1206 2514 1375 2552 fulciatur,
1400 2523 1579 2555 perpaucos
1602 2518 1680 2554 puto

260 2589 301 2609 ex
326 2578 492 2618 Euripidis
516 2576 688 2608 lectoribus
713 2576 850 2607 fautores
874 2582 1009 2606 nactura
1032 2580 1088 2607 est.

303 2636 316 2655 ‘²
360 2637 446 2676 Quin
482 2635 535 2666 ubi
569 2642 688 2675 agatur
724 2644 791 2673 res,
824 2641 936 2666 utrum
971 2635 1003 2664 in
1039 2634 1270 2666 Chersonneso
1292 2634 1388 2664 auin
1414 2632 1559 2673 Trojano
1582 2641 1679 2671 agro,

263 2706 325 2726 non
359 2700 501 2730 constat;
535 2694 576 2724 cf.
612 2704 657 2725 vs.
687 2694 730 2724 33
760 2704 805 2734 sq.
831 2704 903 2724 eum
928 2703 974 2723 VS.
998 2694 1060 2724 954
1085 2699 1117 2724 et
1145 2694 1221 2724 llll
1248 2703 1315 2733 sqq.
1361 2692 1570 2732 l'flugkium,
1591 2691 1679 2731 cupi-

262 2756 350 2791 dius,
373 2761 409 2785 ut
432 2754 528 2789 solet,
552 2753 592 2784 ab
618 2753 774 2793 Euripide
797 2753 848 2784 hic
871 2762 999 2794 quoque
1022 2762 1151 2783 omnem
1175 2753 1301 2793 culpam
1319 2762 1470 2783 amovere
1486 2752 1680 2787 studentem,

263 2823 326 2844 uun
356 2813 489 2853 egregie
521 2823 570 2844 nie
598 2812 708 2852 judice
732 2812 886 2843 refutavit
908 2812 948 2844 G.
973 2812 1184 2843 lIcrmannus
1208 2812 1237 2841 in
1261 2821 1337 2842 sune
1360 2811 1510 2842 editionis
1533 2810 1679 2851 prolego—

266 2874 382 2909 menis,
408 2882 441 2904 ut
468 2873 585 2904 mirum
610 2873 634 2903 si
659 2872 730 2912 quis
755 2872 814 2902 sihi
840 2871 880 2902 ab
905 2881 942 2902 eo
966 2871 1152 2911 persuaderi
1178 2880 1239 2901 uon
1264 2871 1412 2911 patiatur.
