1956 3346
921 206 972 242 214

236 326 467 368 nonnullos
515 330 868 368 commemoratos
918 325 1104 366 vidimus
1152 325 1243 366 1000
1295 325 1485 377 allato¹,
1530 324 1658 365 etiam

236 402 276 442 in
326 400 503 443 servatis
548 400 768 454 Euripidis
809 400 968 441 fabulis
1000 399 1143 454 plures
1181 413 1381 454 personas
1416 399 1658 441 invenimus

235 490 340 530 quas
373 475 559 517 externis
592 488 760 529 quoque
788 474 990 516 adversae
1019 473 1217 514 fortunae
1233 473 1369 528 signis
1396 473 1659 515 miserationi

235 549 534 591 commendare
581 548 720 589 voluit
766 552 904 603 poeta.
963 548 1026 589 De
1074 547 1259 588 Menelai
1299 547 1469 589 sordido
1501 548 1659 590 vestitu

236 628 279 667 in
330 626 496 667 Helena
543 624 714 678 saepius
751 639 890 666 sermo
923 624 1030 674 fit23
1066 637 1203 679 neque
1236 623 1408 665 Electra
1441 624 1484 664 in
1517 623 1662 665 fabula

235 698 481 755 cognomini
504 698 643 740 multo
671 699 852 740 eomtior
868 698 1011 754 prodit
1027 700 1053 740 ³.
1091 698 1141 739 In
1162 697 1324 740 Orestis
1341 697 1466 739 initio
1487 703 1662 752 apparet

236 777 356 818 heros
390 779 478 815 tam
511 772 707 814 horridus
740 777 943 828 aspectu,
978 777 1027 815 ut
1059 787 1142 814 non
1178 772 1316 827 possit
1347 771 1494 830 pejus,
1518 786 1662 814 comae

236 850 448 906 squallore
480 852 524 890 et
554 848 774 890 oculorum
807 848 975 903 orisque
999 848 1146 890 illuvie
1170 847 1432 889 testantibus
1449 852 1661 889 recentem

236 926 422 967 furorem
454 924 568 966 unde
601 924 728 966 modo
746 924 929 979 resipuit
945 927 974 966 4.
1010 924 1227 966 Pentheus
1246 923 1477 965 Maenadas
1493 923 1662 964 visurus

237 1000 468 1052 στολισμὸν
516 998 660 1041 induit
710 1014 806 1041 vere
854 999 1161 1054 Euripideum,
1221 999 1452 1041 muliebres
1510 1012 1664 1053 nempe

237 1080 378 1117 vestes
401 1077 429 1116 ⁵.
467 1075 535 1117 Sic
569 1089 694 1130 saepe
727 1089 834 1130 quae
866 1075 920 1117 ad
952 1075 1149 1116 habitum
1183 1079 1226 1116 et
1257 1074 1423 1116 cultum
1445 1073 1665 1129 pertinent

237 1149 430 1205 aliasque
480 1150 524 1191 id
568 1164 704 1205 genus
749 1150 957 1192 minutias
994 1150 1038 1191 in
1070 1164 1197 1192 usum
1230 1153 1377 1203 vocat,
1412 1163 1494 1205 quo
1525 1149 1664 1204 magis

238 1229 391 1280 tangat
439 1225 692 1279 spectatoris
737 1225 952 1267 animum:
1011 1226 1232 1277 Quatenus
1279 1226 1358 1267 hoc
1398 1225 1491 1267 fieri
1522 1224 1663 1280 potuit

239 1299 358 1341 salva
405 1314 555 1341 scenae
602 1299 840 1355 dignitate,
888 1301 1086 1357 equidem
1134 1300 1316 1342 laudabo
1361 1300 1505 1355 potius
1536 1313 1661 1355 quam

238 1374 444 1430 culpabo3
479 1376 592 1430 quod
624 1376 811 1431 exempli
842 1376 984 1431 gratia
1017 1376 1196 1429 Peleus,
1229 1375 1551 1418 Andromaches
1568 1374 1664 1416 vin-

238 1450 335 1492 cula
381 1450 576 1505 solvens,
625 1466 721 1493 cum
772 1451 968 1494 Menelao
1015 1452 1263 1507 expostulat
1311 1451 1363 1493 de
1411 1450 1535 1492 nodis
1575 1454 1664 1492 tam

240 1529 353 1567 arcte
399 1525 616 1568 adstrictis
664 1531 714 1569 ut
752 1527 932 1570 miserae
971 1528 1164 1570 mulieris
1197 1542 1351 1569 manus
1384 1528 1602 1568 tumerent
1626 1529 1663 1578 ὓ,

240 1615 326 1642 non
372 1601 562 1642 multum
610 1616 712 1644 sane
743 1602 873 1645 habet
914 1603 1141 1659 gravitatis
1174 1617 1272 1644 cum
1304 1602 1350 1643 in
1382 1602 1517 1657 ipsius
1551 1600 1665 1642 vitae

240 1676 488 1718 discrimine
521 1681 713 1719 versetur
744 1678 1066 1731 Andromache,
1102 1678 1175 1720 sed
1207 1678 1386 1719 minime
1418 1683 1562 1719 tamen
1601 1681 1667 1718 est

239 1765 576 1806 supervacuum,
618 1766 752 1807 quum
794 1753 897 1795 haec
931 1753 1118 1795 Menelai
1150 1752 1318 1794 inutilis
1352 1752 1549 1805 saevitia,
1584 1751 1663 1792 im-

240 1827 397 1869 bellem
426 1827 648 1870 mulierem
678 1827 922 1882 cruciantis,
950 1828 1087 1870 obiter
1104 1831 1435 1870 commemorata
1457 1826 1666 1869 efficacius

286 1987 295 2006 ¹
322 1988 604 2019 Aerumnosorum
637 1988 772 2020 heroum
809 1988 1060 2029 Euripideorum
1094 1989 1275 2030 catalogum
1307 1989 1416 2019 videre
1447 1994 1494 2018 cst
1518 1988 1612 2019 etiam
1637 1989 1669 2018 in

244 2048 428 2088 fragmento
451 2057 494 2079 ex
518 2049 674 2080 Timoelis
697 2048 944 2088 Dionysiazusis
960 2053 1088 2079 servato
1099 2048 1185 2089 apud
1200 2048 1582 2089 Athenaeum,VI‚pag.
1595 2048 1670 2080 223.

287 2105 300 2125 ²
323 2107 490 2139 Menelaus
524 2113 589 2139 tam
625 2108 769 2148 squalida
792 2115 881 2138 veste
911 2115 1047 2148 apparet
1070 2115 1104 2138 ut
1127 2108 1166 2138 ab
1190 2107 1316 2138 Helena
1340 2117 1399 2149 pro
1417 2109 1584 2149 praedone
1610 2109 1670 2139 ha-

245 2170 364 2200 beatur.
411 2170 470 2200 Vs.
495 2170 570 2202 561:

547 2230 598 2260 καὶ
622 2231 689 2270 μὴν
713 2229 838 2267 στολὴν
862 2229 891 2270 γ’
918 2230 1067 2270 ἄμορφον
1091 2231 1171 2270 ἀμφὶ
1198 2229 1275 2270 σῶμ’
1300 2231 1395 2270 ἔχεις,

291 2289 363 2328 Ipse
386 2289 426 2319 de
450 2298 483 2319 se
510 2289 678 2320 Menelaus
703 2297 750 2318 vs.
778 2288 874 2320 1085:

549 2348 600 2379 καὶ
625 2348 693 2389 μὴν
718 2347 787 2379 τάδ’
812 2347 1047 2390 ἀμφίβληστρα
1074 2349 1227 2390 σώματος
1252 2348 1335 2389 ῥάκη

549 2406 811 2448 ἔυμμαρτυρὴσει
836 2410 998 2438 ναυτικῶν
1022 2407 1184 2447 ἐρειπίων.

292 2465 556 2506 'rheoclymenus
579 2466 618 2496 de
642 2467 754 2497 eodem
779 2476 824 2498 vs.
852 2467 948 2499 1220:

545 2524 734 2564 Ἄπολλον,
760 2527 803 2563 ὡς
827 2527 935 2565 ἐσθῆτι
961 2527 1135 2568 δυσμόρφῳ
1162 2527 1287 2566 πρέπει.

294 2586 305 2603 ”
332 2585 459 2615 Electra
493 2583 590 2614 habet
625 2586 772 2624 πιναρὰν
802 2585 907 2626 κόμαν
934 2587 985 2616 καὶ
1011 2585 1150 2616 πέπλων
1174 2586 1278 2627 τρύχη
1303 2588 1363 2625 (VS.
1393 2587 1452 2618 184
1475 2588 1546 2626 sq.).
1579 2585 1674 2618 Conf.

251 2646 350 2677 ctiam
375 2655 418 2676 vs.
443 2645 506 2675 304
531 2654 575 2684 sq.
600 2661 639 2666 —
664 2644 772 2676 Senex
797 2655 922 2686 qnoque
940 2645 1060 2686 τροφός
1082 2651 1191 2676 movet
1203 2650 1418 2686 spectatorum
1431 2645 1673 2676 mis-emtionem

252 2706 359 2746 ,ψύχει
385 2704 524 2735 πέπλων
549 2704 610 2742 (vs.
634 2704 728 2743 501),
751 2705 900 2735 dominae
925 2705 1040 2735 similis
1064 2714 1144 2745 ergo
1168 2705 1324 2736 minister.

296 2765 308 2783 ⁴
333 2765 440 2796 Orest.
465 2774 513 2794 vs.
534 2765 598 2794 219
620 2774 688 2804 sqq.

298 2825 308 2841 ³⁸
332 2824 449 2855 Bacch.
476 2834 522 2853 vs.
547 2824 610 2856 827
633 2833 700 2864 sqq.

298 2888 308 2901 '²
334 2883 554 2914 Andromach.
580 2894 623 2914 vs,
648 2884 711 2916 719
735 2894 781 2922 sq.
