1956 3346
958 201 1011 235 {m

278 325 387 366 inter
420 325 560 379 ipsum
594 329 637 365 ct
670 323 922 378 Euripidem
954 323 1209 376 ostendens,
1245 327 1460 364 servatum
1495 328 1559 363 est
1581 322 1693 376 apud

274 399 550 441 Aristotelem
608 398 725 439 Poet.
777 412 866 452 cap.
921 400 1000 439 25:
1055 397 1276 453 Σοφοκλῆς
1321 398 1413 452 ἔφη,
1458 397 1583 444 αὐτὸς
1623 399 1694 449 μὲν

273 475 389 521 οἵους
420 471 475 514 δεῖ
503 479 653 518 ποιεῖν,
688 470 916 527 Εὐριπίδην
948 470 987 514 δὲ
1017 473 1095 514 οἷοι
1123 474 1224 513 εἰσίν
1243 475 1268 512 ¹.
1301 470 1381 511 Est
1398 476 1446 511 ut
1465 469 1693 524 Sophocles

273 546 404 596 ‹lixit3
439 545 513 586 scd
544 546 737 587 homines
771 547 849 588 οἷοι
880 548 958 587 εἶσί
989 558 1073 585 non
1111 545 1215 586 satis
1252 546 1513 586 conveniunt
1544 559 1693 587 scenae

273 620 478 675 tragicae,
526 623 568 660 et
615 619 726 660 male
772 618 935 660 factum
981 618 1094 674 quod
1128 618 1356 673 Euripides
1390 620 1537 661 heroas
1569 634 1690 672 suos,

273 700 319 735 ut
349 693 512 735 similes
546 694 741 735 redderet
775 693 1022 735 hominibus
1040 693 1325 749 quotidianis,
1357 708 1482 749 saepe
1499 693 1692 736 oblivisci

271 768 410 823 coegit
425 783 468 810 se
486 769 679 811 incedere
693 769 984 823 cothurnatos,
1004 769 1072 811 vel
1090 771 1160 823 (ut
1178 769 1359 811 Porsoni
1375 771 1391 795 2
1411 769 1549 811 verbis
1568 784 1691 825 saepe

269 843 412 885 allatis
453 858 530 899 ego
565 858 732 900 quoque
775 849 891 899 utar)
923 845 1222 900 Melpomenen
1257 844 1310 885 ad
1344 858 1409 886 res
1437 844 1690 887 domesticas

269 918 464 960 detrusit.
527 920 619 961 Aut
650 919 780 961 nimis
813 919 1003 961 multum
1034 919 1101 961 hic
1135 919 1390 960 innovatum
1428 922 1503 960 aut
1527 933 1688 974 parum.

272 996 412 1038 Semel
459 997 572 1037 enim
617 996 796 1038 servatis
843 996 968 1038 claris
1021 996 1196 1038 heroum
1245 996 1515 1050 nominibus,
1561 995 1692 1036 etiam

268 1086 414 1113 eorum
430 1071 634 1127 dignitati
651 1071 961 1113 consulendum
979 1076 1093 1121 erat3
1121 1071 1188 1113 sin
1207 1071 1451 1126 vulgarium
1468 1071 1691 1112 hominum

267 1146 430 1189 similes
462 1146 757 1202 producendae
788 1147 1044 1188 videbantur
1077 1146 1267 1188 scenicae
1282 1161 1501 1201 personae,
1523 1146 1689 1187 utinam

267 1236 351 1264 non
394 1222 582 1278 regalem
630 1222 757 1263 modo
789 1221 1085 1276 chlamydem,
1122 1221 1197 1263 sed
1237 1236 1336 1263 cum
1369 1221 1529 1264 vestitu
1560 1221 1690 1263 etiam

266 1312 421 1339 nomen
452 1296 726 1350 abstulisset,
775 1301 823 1338 ut
855 1297 899 1338 in
930 1297 1212 1338 semideorum
1247 1297 1389 1339 locum
1419 1296 1691 1339 succederent

265 1373 377 1416 cives
424 1373 562 1415 Attici
605 1373 657 1414 de
702 1372 794 1414 foro
838 1373 905 1414 vel
955 1387 976 1414 e
1023 1372 1158 1414 demis
1190 1372 1363 1414 rusticis
1396 1377 1422 1413 ³.
1469 1372 1687 1428 Apparet,

266 1448 546 1503 Euripidem,
581 1447 853 1490 accedentem
885 1448 939 1489 ad
969 1447 1233 1490 comoediam
1260 1462 1417 1489 novam
1438 1451 1689 1489 nontamen

264 1523 412 1566 relicta
444 1522 573 1565 veteri
600 1522 844 1578 tragoedia,
878 1522 947 1564 hic
978 1536 1145 1578 quoque
1177 1521 1281 1563 dum
1309 1521 1393 1563 duo
1411 1522 1514 1563 artis
1534 1536 1690 1576 genera

263 1599 459 1641 funditus
515 1598 682 1641 diversa
735 1597 993 1653 conjungere
1050 1597 1219 1650 studet,
1280 1596 1473 1639 neutrius
1520 1596 1688 1652 legibus

263 1675 531 1717 satisfecisse.

261 1814 405 1854 partibus
438 1814 581 1852 tabulae,
614 1814 796 1855 cujusmodi
831 1820 908 1846 sunt
941 1814 1052 1851 facies,
1090 1814 1190 1850 oculi,
1225 1824 1357 1853 manus;
1392 1815 1426 1846 in
1451 1815 1589 1847 vestium
1612 1825 1689 1848 vero

259 1873 459 1904 ornamentis
482 1874 639 1904 desudare
662 1874 767 1905 solent
790 1874 812 1904 ii
836 1874 892 1915 qui
915 1874 1041 1914 majora
1064 1875 1215 1915 perficere
1238 1881 1414 1916 nequeunt.

304 1933 492 1964 Discrimen
526 1933 605 1964 artis·
641 1933 844 1974 Aeschyleae
867 1939 898 1964 et
922 1934 1119 1974 Euripideae
1142 1935 1287 1974 tangitur
1310 1935 1433 1966 Ranar.
1458 1944 1506 1965 vs.
1532 1936 1596 1965 960
1618 1945 1686 1976 sqq.

303 1993 312 2012 ¹
338 1994 389 2024 De
404 1993 496 2034 cujus
511 1993 572 2024 loci
595 2000 682 2024 recta
704 1994 970 2034 interpretatione
992 1994 1207 2026 consulendus
1231 1994 1381 2035 Lessing.
1406 1994 1514 2025 IIamb
1538 1995 1687 2026 Dramat.

260 2052 307 2084 N⁰
341 2054 383 2083 94
405 2063 451 2093 sq.
476 2052 527 2084 Cf.
551 2063 647 2093 supra
670 2063 744 2094 pag.
767 2054 809 2084 53
831 2054 905 2085 adn.
936 2054 960 2085 l.

301 2112 314 2131 2
337 2113 393 2143 Ad
417 2112 541 2145 Orestis
564 2123 610 2144 vs.
637 2113 728 2144 1106.

303 2172 314 2191 ³
338 2173 517 2213 Eleganter
556 2172 690 2204 Curtius
729 2172 787 2205 Gr.
824 2172 942 2204 Gesch.
975 2172 1063 2209 111³,
1103 2182 1132 2212 p.
1169 2173 1227 2206 7οτ
1264 2174 1359 2203 “Ans
1393 2172 1455 2204 den
1490 2173 1685 2213 gexvaltigen

259 2231 616 2269 “Charaktermaskem
654 2233 715 2264 wie
761 2232 808 2264 sie
850 2232 901 2263 fiir
934 2233 987 2264 die
1022 2232 1190 2265 Gestalten
1229 2234 1284 2263 des
1318 2232 1496 2273 Aischylos
1529 2233 1685 2264 erfundcn

260 2295 409 2328 “waren,
433 2292 521 2322 tonte
545 2292 597 2322 dic
622 2293 730 2323 dimne
753 2292 891 2325 Stimme
915 2301 979 2323 von
1003 2291 1313 2332 Alltagsmenschen
1339 2292 1490 2323 hervor.'’
