1956 3346
915 218 960 256 15

224 340 381 393 riosus,
430 340 706 392 mulierosus,
755 339 797 379 in
848 339 977 380 Ranis
1018 338 1194 380 offertur
1226 338 1445 380 cachinnis
1479 347 1644 394 spectu-

224 421 388 465 torum3
427 414 607 456 Hermes
642 414 754 456 same
775 419 953 455 vexatus
972 420 1151 468 apparet
1170 414 1210 454 in
1233 414 1351 456 Pluti
1368 413 1468 467 fine,
1486 428 1510 455 a
1529 429 1648 456 servo

224 490 303 532 sibi
338 490 462 545 panis
495 494 680 532 crustam
703 494 865 544 petens;
887 490 998 531 idem
1017 504 1163 530 servus
1183 489 1311 544 paulo
1328 494 1428 531 ante
1462 490 1651 531 narravit

225 572 272 607 ut
303 564 562 620 Aesculapio
595 565 636 605 in
671 565 761 619 ejus
796 565 895 606 fano
913 564 1381 619 oppederitpraesenti.
1420 564 1470 606 In
1489 565 1649 607 Avium

225 640 466 683 salsissima
479 640 697 682 comoedia
711 639 1000 681 Athenienses
1013 638 1113 691 dun,
1133 639 1276 680 avium
1296 640 1417 694 genti
1437 640 1651 695 imperan-

226 721 316 768 tes,
358 715 458 757 deos
503 730 528 757 a
567 721 679 756 terra
711 714 1029 767 intercludunt,
1064 728 1169 769 quos
1202 729 1302 756 mox
1336 713 1652 770 βουλιμιῶντας

225 794 387 845 cogunt
434 804 579 831 secum
626 788 794 844 pacisci.
863 788 1069 843 Ejusdem
1114 788 1278 831 farinae
1322 789 1366 830 hi
1413 805 1559 832 versus
1604 791 1646 831 in

227 865 356 907 Pluto
389 865 602 918 videntur,
637 864 689 906 de
722 864 814 919 ipso
846 863 955 906 Jove
987 863 1116 918 dicti,
1156 879 1216 906 vs.
1255 867 1337 906 124
1371 880 1487 921 sqq.:

493 939 564 981 οἴει
594 940 677 996 ’γὰρ
707 940 809 982 εἶναι
839 941 913 988 τὴν
945 941 1050 988 Διὸς
1079 937 1304 996 τυραννίδα

492 1013 554 1052 καὶ
584 1013 682 1058 τοὺς
712 1011 937 1065 κεραυνοὺς
967 1007 1113 1058 ἀξίους
1141 1009 1399 1065 τριωβόλου,

493 1081 562 1121 ἐὰν
593 1077 847 1135 ἀναβλέψῃς
877 1081 928 1121 σὺ
959 1079 1034 1121 κᾶν
1062 1080 1211 1135 μικρὸν
1242 1080 1455 1135 χρόνον;ί

288 1159 444 1200 Parum
482 1164 720 1200 reverenter
758 1158 890 1214 igitur
923 1158 1039 1214 loqui
1072 1158 1237 1200 solebat
1269 1159 1320 1201 de
1352 1159 1460 1210 diis;
1496 1161 1654 1217 impius

231 1243 373 1276 tamen
422 1235 562 1276 vocari
613 1234 732 1276 nullo
769 1239 896 1289 pacto
926 1234 1124 1288 volebat,
1161 1234 1264 1290 quin
1297 1235 1389 1290 ipse
1422 1236 1505 1278 sibi
1538 1237 1655 1280 vide-

229 1310 354 1352 batur
395 1323 486 1351 esse
533 1309 642 1364 pius.
712 1309 794 1352 Sed
840 1309 1004 1351 cultum
1052 1309 1176 1351 illum
1218 1309 1416 1363 deorum,
1450 1311 1523 1353 vix
1554 1312 1656 1355 ullis

230 1385 524 1428 fundamentis
557 1385 796 1438 nitentem,
833 1385 869 1427 si
901 1385 998 1441 quis
1030 1385 1210 1427 rationis
1233 1386 1364 1428 armis
1388 1386 1654 1441 sollicitaret,

229 1460 455 1503 defendere
488 1473 573 1501 non
604 1463 776 1515 poterat
797 1465 827 1512 2,
857 1473 988 1514 eoque
1006 1460 1174 1515 aegrius
1198 1459 1305 1502 ferre
1327 1460 1475 1503 debuit
1495 1462 1655 1516 quasii-

272 1561 281 1581 ¹
306 1561 392 1593 Vide
425 1567 596 1601 praeterea
628 1560 810 1592 Bernhard.
841 1560 874 1590 ll.
902 1570 975 1601 pag.
1000 1561 1079 1591 621:
1128 1561 1224 1591 “Wir
1248 1561 1379 1593 kennen
1407 1561 1572 1593 vielleicht
1597 1573 1658 1593 nur

227 1621 279 1652 die
311 1620 505 1661 winzigsten
537 1620 668 1660 Kapitel
701 1619 757 1651 der
793 1620 924 1661 γελοῖαι
950 1619 1049 1650 kaum
1073 1620 1181 1650 ahnen
1205 1621 1264 1651 wir
1287 1621 1339 1652 die
1364 1621 1554 1652 schlimm··n
1580 1623 1658 1653 'I'ra-

228 1680 350 1712 vestien
375 1680 441 1712 und
464 1679 636 1711 burlesken
660 1678 788 1711 Seenen
816 1688 876 1709 aus
899 1679 957 1710 der
984 1678 1224 1719 Mythologie„
1241 1705 1267 1710 ..
1299 1680 1398 1712 deren
1416 1681 1660 1722 Aristophanes

228 1746 323 1772 unter
346 1740 408 1771 den
430 1739 650 1780 abgenutzten
675 1737 865 1769 komischcn
888 1738 1038 1769 Themen
1061 1738 1166 1779 Vesp.
1187 1740 1231 1771 60
1253 1740 1428 1780 gedenkt.'·
1453 1748 1513 1772 etc.

271 1798 284 1818 2
307 1800 346 1830 In
370 1798 520 1831 Nubibus
542 1803 619 1830 sunt
643 1807 757 1828 versus
780 1797 901 1838 aliquot
924 1797 978 1838 qui
1002 1797 1083 1828 mihi
1107 1798 1167 1829 hac
1189 1798 1223 1829 in
1246 1809 1282 1830 re
1299 1809 1362 1830 non
1377 1801 1489 1842 exigui
1504 1803 1660 1833 momenti

230 1859 390 1890 videntur.
414 1857 479 1890 Illo
503 1858 573 1889 loco
595 1859 634 1888 de
659 1856 804 1888 fulminis
815 1866 911 1888 causa
925 1857 1046 1898 agitur.
1061 1857 1172 1890 Senex
1185 1859 1452 1892 rusticusaJove
1464 1862 1658 1901 repetitfflor

229 1926 332 1950 crates·
359 1925 468 1949 autem
486 1923 589 1958 rogat:
613 1917 689 1958 “qui
713 1916 783 1948 fieri
796 1916 909 1957 possit,
922 1917 949 1947 si
964 1916 1098 1958 Jupiter
1111 1918 1221 1948 mittat
1231 1917 1371 1960 fulgura,
1385 1927 1419 1952 ut
1433 1922 1493 1961 (vs.
1505 1922 1570 1953 399
1580 1923 1663 1962 sqq.)

881 1979 957 2019 οὐχὶ
982 1978 1100 2020 Σίμων’
1126 1979 1324 2020 ἐνέπρησεν,

317 2039 389 2071 οὐδὲ
416 2039 619 2079 Κλεώνυμον
642 2037 715 2069 οὐδὲ
741 2036 888 2078 Θέωρονς
912 2038 1018 2068 καίτοι
1042 2038 1166 2079 σφόδρα
1191 2038 1222 2080 γ’
1246 2038 1302 2070 εἶσ’
1326 2040 1482 2080 ἐπίορκοι.

318 2098 408 2128 ἀλλὰ
430 2098 491 2129 τὸν
515 2097 618 2128 αὑτοῦ
643 2108 678 2138 γε
703 2096 787 2128 νεὼν
808 2095 930 2136 βάλλει
955 2097 1007 2127 καὶ
1034 2097 1177 2128 Σούνιον
1201 2097 1303 2138 ἀκρον
1328 2097 1490 2136 Ἀθηνέων

317 2159 370 2189 καὶ
395 2159 455 2195 τὰς
479 2155 559 2197 δρῦς
583 2157 643 2192 τὰς
667 2156 825 2197 μεγάλας·
850 2155 881 2186 τί
906 2155 1042 2192 watham
1067 2156 1105 2186 οὐ
1129 2157 1192 2197 γὰρ
1216 2155 1255 2193 δὴ
1280 2155 1358 2197 δρῦς
1382 2156 1410 2198 γ’
1434 2158 1609 2199 {moynel-⁰

233 2217 319 2256 Quid
344 2226 423 2248 vero
445 2216 619 2257 respondet
643 2215 848 2255 Strepsiades
870 2224 971 2245 senex
993 2215 1034 2246 ad
1057 2214 1141 2245 hanc
1155 2201 1415 2247 minimevanam
1428 2217 1662 2257 quaestionem,

233 2286 330 2318 quam
363 2283 429 2308 tam
463 2276 547 2317 aptis
581 2275 690 2306 verbis
723 2273 910 2323 ezfprimere
944 2283 1007 2303 non
1043 2274 1202 2314 potuisset
1224 2274 1483 2316 Aristophanes,
1506 2276 1568 2306 nisi
1594 2276 1662 2317 ipse

233 2346 329 2377 quam
354 2336 463 2376 gravis
486 2342 571 2367 esset
593 2335 752 2365 sentiret?
788 2333 868 2364 nihil
891 2340 1022 2374 praeter
1046 2333 1125 2365 haee
1138 2335 1201 2365 duo
1214 2334 1329 2365 verba:
1356 2336 1414 2366 οὐκ
1427 2334 1512 2366 οἶδα.
1539 2335 1592 2368 Sic
1605 2344 1663 2371 est.

235 2396 413 2433 nesciebat,
447 2400 479 2426 et
504 2395 573 2435 ipse
598 2399 694 2434 poeta.
717 2393 892 2429 nesciebat,
915 2393 973 2424 sed
997 2393 1079 2424 scire
1102 2403 1168 2424 non
1191 2394 1338 2425 curabat.
1385 2395 1467 2427 Tam
1493 2395 1611 2426 flexili«-
1634 2397 1662 2427 ci

234 2461 284 2486 est
306 2455 453 2486 doctrina
475 2456 514 2486 de
537 2454 616 2490 diis,
640 2459 675 2484 ut
698 2453 820 2486 Jovem
844 2457 1011 2493 potentem
1036 2452 1199 2494 simulque
1219 2460 1384 2494 potentem
1403 2454 1551 2486 Aethera
1564 2456 1662 2496 poesi(

236 2515 394 2553 revereri,
419 2521 452 2546 ut
477 2513 658 2546 ostenditur
682 2513 741 2544 hoc
765 2513 909 2549 cantico,
935 2513 987 2543 ubi
1011 2513 1098 2544 seria
1120 2519 1273 2554 aguntur,
1299 2514 1385 2545 Nub.
1411 2525 1456 2545 vs.
1471 2516 1659 2547 563—570:

494 2573 758 2614 ὑψιμιῖὕοντα
792 2573 864 2614 μὲν
898 2571 1001 2603 θεῶν

495 2635 603 2670 Ζῆνα
640 2633 853 2673 τύραννον
886 2632 919 2669 ἐς
944 2632 1046 2672 χορὸν

496 2695 611 2734 πρῶτα
635 2691 743 2733 μέγαν
766 2690 942 2729 κικλήσκω·

494 2751 554 2781 τόν
577 2762 609 2782 τε
633 2752 820 2791 μεγασθενῆ
845 2752 998 2791 τριαίνης
1022 2750 1159 2790 ταμίαν,

497 2813 558 2852 γῆς
584 2822 617 2842 τε
642 2811 695 2842 καὶ
720 2810 872 2851 ἁλμυρᾶς
897 2810 1072 2848 θαλάσσης
1095 2810 1213 2851 ιὴριον
1233 2811 1433 2850 paphia-»11³

494 2871 561 2901 καὶ
596 2869 897 2910 μεγαλώνυμον
931 2868 1133 2910 ἡμέτερον
1168 2869 1308 2908 παι-ιμ’

498 2927 647 2970 Αἰθέρα
682 2932 965 2969 σεμνότατον,
1001 2927 1292 2969 βιοθρέμμονα
1323 2929 1502 2959 πάντων.
