1956 3346
988 236 1010 271 4

293 365 356 397 ret,
391 371 465 411 pro
500 357 595 397 novi
626 355 717 397 aevi
750 354 904 395 studiis
937 360 979 395 et
1011 353 1188 408 antiqua
1206 357 1359 394 cuncta
1384 353 1656 407 impugnaret
1682 353 1709 403 ¹,

293 439 366 478 per
413 424 549 479 legem
586 423 703 464 illam
744 426 959 463 aeternam
989 421 1117 462 modo
1162 424 1537 461 commemoratam
1573 420 1713 461 effecit

293 497 341 533 ut
377 493 507 534 etiam
550 496 741 547 surgeret
778 490 1088 544 Aristophanes
1115 489 1143 542 ²,
1183 490 1255 544 qui
1285 494 1468 530 veterem
1500 488 1712 530 πολιτείαν

296 561 521 603 Soloneam
565 560 739 616 ejusque
779 559 1002 614 opiniones
1047 557 1248 599 adversus
1282 572 1351 598 eos
1383 557 1454 612 qui
1487 571 1616 598 novas
1648 570 1712 598 res

292 629 545 670 molirentur
576 628 832 670 defenderet.

353 698 416 739 De
445 698 528 739 ista
558 711 717 752 pugna,
751 697 786 738 si
820 697 929 738 veris
962 695 1209 736 nominibus
1240 694 1340 735 ficta
1373 693 1632 735 substituere
1659 693 1710 733 li-

292 771 372 819 cet,
402 765 499 820 jure
531 765 767 820 praedicari
798 769 942 820 potest
980 763 1116 805 verbis
1142 762 1350 804 Maronis:
1389 761 1612 804 Certamen
1633 762 1712 803 erit

295 834 491 888 Corydon
523 848 620 876 cum
651 833 856 888 Thyrside
885 846 1103 887 magnum.
1154 831 1249 872 Non
1286 830 1377 872 leve
1412 835 1522 872 certe
1546 830 1712 885 pondus

292 901 413 943 addit
442 901 710 943 dimicationi
739 901 962 956 utriusque
991 899 1208 955 promachi
1241 898 1472 952 claritudo,
1508 904 1557 939 ut
1573 899 1712 953 magis

294 970 559 1012 attendimus
605 970 641 1011 si
681 969 874 1012 Achilles
921 983 1018 1010 cum
1058 968 1241 1010 Hectore
1287 974 1352 1009 est
1384 981 1710 1022 congressurus,

292 1053 420 1094 quam
454 1038 528 1080 ubi
568 1038 619 1080 de
647 1037 992 1093 Myrmidonibus
1021 1036 1266 1092 gregarium
1301 1036 1485 1077 militem
1518 1035 1712 1076 videmus

293 1108 336 1148 in
372 1106 600 1162 Trojanum
642 1106 888 1162 quempiam
933 1105 1103 1146 irruere.
1170 1103 1319 1159 Neque
1350 1103 1393 1143 in
1428 1102 1608 1157 ignobili
1638 1117 1713 1158 pa-

292 1176 449 1217 laestra
477 1180 691 1217 certamen
722 1174 796 1216 fit:
830 1187 906 1229 pro
937 1187 1066 1214 arena
1096 1175 1162 1214 est
1194 1171 1528 1213 Atheniensium
1545 1171 1711 1224 civitas,

291 1258 375 1300 quo
405 1249 595 1298 tempore
627 1243 681 1285 ad
708 1243 850 1298 ipsum
885 1255 985 1283 suae
1016 1240 1177 1296 gloriae
1208 1238 1432 1294 fastigium
1465 1245 1714 1294 pervenerat

291 1318 334 1354 et
358 1312 450 1367 jam
484 1313 526 1353 in
561 1312 764 1366 abyssum
797 1309 1021 1366 vergebat,
1056 1309 1101 1350 in
1133 1322 1286 1363 quem,
1325 1322 1408 1362 quo
1445 1306 1575 1349 altius
1607 1308 1705 1348 eini-

291 1384 466 1434 nuerat,
502 1395 549 1422 eo
580 1380 774 1436 graviore
805 1393 907 1421 casu
936 1392 1038 1419 mox
1064 1383 1154 1419 erat
1186 1376 1422 1431 delapsura.

351 1449 434 1491 Sed
460 1463 513 1490 ne
544 1448 715 1505 regulae
748 1447 1028 1489 Horatianae:

469 1520 586 1559 “non
615 1517 678 1559 sic
710 1516 912 1571 incipies:
953 1514 1135 1557 cantabo
1167 1513 1311 1555 nobile
1342 1513 1533 1555 bellum'’

290 1587 449 1628 oblitus
493 1600 585 1628 esse
622 1585 782 1639 videar,
829 1584 1003 1626 verbum
1046 1596 1130 1624 non
1163 1582 1318 1623 addam
1363 1596 1446 1637 quo
1490 1596 1711 1624 monoma-

290 1655 429 1697 chiam
460 1669 590 1710 quam
626 1668 721 1696 sum
754 1653 1044 1708 descripturus
1075 1651 1306 1704 extollam,
1350 1665 1402 1692 ne
1433 1654 1531 1705 post
1563 1650 1712 1692 erube-

291 1737 431 1775 scam7
480 1722 726 1764 admonitus
768 1721 896 1777 hujus
937 1734 1104 1776 quoque
1141 1719 1245 1761 dicti
1285 1718 1532 1760 Horatiani:
1577 1719 1712 1774 “quid

290 1796 412 1833 tanto
442 1791 562 1833 hiatu
595 1791 777 1846 dignum
810 1789 1010 1832 tulisti?’'
1076 1788 1295 1830 Disseram
1327 1787 1378 1829 de
1407 1787 1710 1842 Aristophane,

291 1875 434 1902 severo
469 1860 690 1916 Euripidis
716 1859 887 1914 judice,
924 1873 999 1914 pro
1030 1872 1121 1899 mea
1150 1857 1284 1898 virili:
1304 1856 1551 1910 veniam‚si
1567 1856 1711 1898 minus

289 1930 561 1984 satisfecero,
605 1929 657 1971 ab
702 1929 849 1985 aequis
892 1927 1144 1981 lectoribus,
1187 1926 1342 1982 quibus
1380 1926 1438 1967 rei
1480 1924 1710 1967 difficultas

290 2005 356 2041 est
387 1998 580 2054 cognita,
619 1998 926 2053 impetraturus
960 2003 1009 2038 ut
1040 2009 1162 2050 spero
1193 1995 1419 2050 majorem,
1452 2008 1580 2050 quam
1612 1993 1711 2035 huie

289 2067 341 2108 ab
374 2066 449 2108 illo
483 2080 670 2122 unquam
704 2065 788 2107 fuit
822 2079 1033 2107 concessa.

332 2215 341 2234 ¹
387 2216 477 2247 Bene
511 2225 579 2247 rem
614 2216 782 2256 perspexit
815 2214 1043 2246 Bernhardius
1078 2213 1209 2245 Griech.
1242 2213 1345 2244 Liter.
1368 2212 1459 2247 11.2
1483 2221 1556 2252 pag.
1580 2212 1644 2242 396
1668 2213 1711 2250 (et

288 2269 450 2309 sacpius):
498 2269 693 2308 “Euripides
716 2268 759 2298 ist
781 2267 918 2298 Dichter
942 2268 1008 2297 und
1036 2266 1149 2307 Organ
1174 2267 1231 2297 der
1255 2264 1498 2297 Ochlokratic.''

331 2320 344 2339 ²
389 2322 482 2353 Idem
506 2332 578 2363 pag.
603 2322 682 2354 579:
711 2321 781 2352 udie
805 2321 868 2352 alte
892 2320 1054 2352 Komodie
1074 2321 1166 2351 stand
1179 2320 1245 2350 und
1258 2318 1312 2349 fiel
1326 2319 1384 2349 mit
1397 2318 1454 2348 der
1467 2317 1710 2350 Oe'nlokratie.·'

329 2374 420 2405 Libri
459 2374 554 2415 hujus
590 2384 685 2414 saepe
720 2374 823 2405 adhuc
858 2374 1007 2404 laudandi
1045 2373 1179 2413 paginas·
1214 2371 1314 2402 citabo
1352 2381 1395 2402 ex
1433 2370 1574 2401 editione
1615 2373 1710 2400 tertia

286 2428 362 2457 anni
393 2427 481 2460 1872.
