1925 3377
723 571 952 620 CAPUT
992 571 1034 618 I.

341 717 395 745 ΗΕ
427 717 577 746 CAUSIS
610 717 702 746 0011
737 717 1054 746 ARISTOPHANJS
1089 717 1130 745 IN
1166 718 1420 746 EURIPIDEM.

230 932 324 973 Non
368 931 517 986 facile,
552 931 587 972 si
619 931 810 987 fingendi
844 931 1087 973 libertatem
1123 931 1200 972 tibi
1237 945 1450 983 sumeres,
1486 929 1591 970 duo-

168 1022 262 1049 rum
306 1007 528 1049 hominum
571 1007 746 1063 ingenia
786 1007 1001 1049 delineare
1035 1021 1182 1062 posses
1221 1005 1359 1061 magis
1393 1005 1446 1047 ab
1475 1003 1590 1046 omni

168 1090 288 1137 parte
320 1081 400 1124 sibi
433 1083 665 1137 contraria,
703 1098 831 1139 quam
869 1084 1028 1126 summi
1062 1083 1181 1124 illius
1215 1082 1366 1124 comici
1400 1086 1443 1123 et
1472 1095 1592 1136 prae-

168 1157 269 1200 clari
303 1157 420 1200 illius
477 1158 629 1214 tragici
673 1158 815 1209 fuerc;
867 1173 1003 1215 neque
1037 1158 1098 1200 ita
1130 1163 1273 1200 tamen
1308 1156 1596 1212 discrepantia

169 1237 218 1275 ut
249 1234 580 1289 comparationis
637 1234 930 1278 instituendae
987 1235 1100 1276 desit
1155 1235 1295 1276 omnis
1343 1233 1594 1289 opportuni-

170 1313 261 1362 tas,
315 1309 449 1351 veluti
501 1309 536 1352 si
589 1309 867 1352 Aristotelem
928 1310 1189 1352 Anacreonti
1235 1310 1424 1352 conferre
1465 1308 1596 1350 velles

170 1389 246 1426 aut
291 1383 478 1425 Homero
520 1384 874 1427 mathematicum
908 1385 1158 1435 Euclidem3
1205 1385 1278 1427 sed
1317 1383 1595 1440 quemadmo-

170 1459 275 1501 dum
322 1463 440 1500 ortus
488 1464 531 1501 et
582 1473 744 1515 vesper,
798 1459 859 1502 ita
902 1460 1144 1502 diametrali
1194 1460 1280 1502 fere
1327 1457 1598 1516 oppositione

172 1534 283 1576 inter
315 1548 359 1576 se
389 1534 555 1576 distant
587 1534 816 1591 Euripides
841 1539 885 1578 et
902 1536 1228 1592 Aristophanes.
1282 1536 1365 1578 Hie
1382 1534 1598 1591 gaudebat

173 1608 283 1661 vita,
316 1622 443 1664 quam
478 1608 671 1651 hilariter
699 1624 903 1665 peragere
936 1610 1149 1666 optimum
1185 1610 1406 1660 censebat;
1438 1625 1599 1666 pronus

173 1683 227 1726 ad
259 1683 416 1737 risum,
450 1698 632 1741 eumque
663 1685 825 1728 salsum
860 1686 1031 1742 quidem
1063 1687 1136 1728 sed
1155 1687 1241 1728 late
1264 1686 1451 1729 diductis
1469 1687 1598 1728 labris

175 1773 259 1801 non
305 1759 366 1801 ita
414 1759 670 1811 delicatum3
715 1787 770 1791 —
814 1761 887 1804 ille
926 1777 951 1804 a
988 1762 1155 1804 laetitia
1196 1762 1390 1816 alienus,
1439 1762 1598 1818 partim

176 1835 352 1888 natura,
385 1835 543 1890 partim
574 1849 625 1877 ex
658 1835 956 1892 philosophiae
976 1851 1105 1893 quam
1142 1837 1399 1893 sequebatur
1430 1851 1596 1892 praece-

175 1910 287 1966 ptis,
322 1925 375 1952 ne
406 1911 518 1953 inter
548 1911 702 1966 pocula
732 1912 903 1968 quidem
938 1913 1073 1955 ridere
1101 1912 1309 1965 sciebat¹,
1330 1926 1413 1954 non
1426 1911 1599 1967 jocandi

220 2024 229 2044 ¹
254 2025 449 2058 Alexander
472 2025 615 2058 Aetolus
638 2026 726 2067 apud
748 2026 894 2059 Gellium
919 2027 988 2058 XV
1007 2028 1084 2064 220,
1106 2027 1144 2058 8:

259 2083 276 2114 ὁ
300 2083 326 2116 δ’
350 2083 573 2126 Ἀναξαγόρου
597 2085 754 2126 τρόφιμος
778 2087 878 2126 χαιοῦ
903 2087 1067 2128 στρυφνὸς
1090 2088 1151 2127 μὲν
1173 2088 1280 2128 ἔμοιγε
1308 2089 1514 2127 προςειπεῖν,

261 2143 314 2174 καὶ
337 2143 537 2184 μισογέλως,
561 2144 615 2174 καὶ
640 2144 798 2180 τωθάζειν
822 2144 895 2176 οὐδὲ
921 2144 998 2186 παρ’
1022 2147 1116 2177 οἶνον
1137 2146 1350 2187 μεμαθηκώς,

262 2201 338 2232 ἀλλ’
362 2202 379 2232 ’ὁ
404 2215 432 2233 τι
460 2203 583 2244 γράψαι
610 2203 698 2235 τοῦτ’
722 2204 766 2235 ἂν
789 2203 921 2244 μέλιτος
945 2205 999 2235 καὶ
1021 2205 1184 2247 σειρὴνων
1207 2206 1376 2247 ἐτη-εὐχει-

222 2263 304 2294 Item
337 2263 495 2295 Aelianus
519 2263 620 2301 VIII,
650 2263 688 2294 13
710 2264 822 2300 tradit,
845 2263 1080 2306 Ἀναξαγόραν
1101 2266 1148 2305 μὴ
1172 2266 1322 2307 γελῶντά
1347 2278 1425 2296 ποτε
1451 2266 1603 2305 ὀφθῆναι.

220 2322 274 2354 Ex
307 2321 405 2353 unico
438 2321 579 2363 satyrico
613 2322 760 2354 dramate
794 2323 883 2363 quod
915 2329 1057 2354 aetatem
1092 2324 1181 2360 tulit,
1210 2323 1372 2365 Cyclope,
1395 2332 1529 2366 apparet
1552 2334 1603 2356 me

173 2382 283 2423 Judice
316 2390 412 2422 quam
447 2380 590 2412 alienum
625 2391 645 2412 a
674 2381 748 2413 lusu
770 2382 904 2423 risuque
929 2382 1099 2423 ingenium
1123 2383 1276 2415 habuerit
1300 2384 1485 2425 Euripides,
1530 2385 1603 2416 Non

178 2450 310 2482 possum
332 2439 410 2481 quin
433 2439 663 2481 frigidissimas
685 2449 834 2472 censeam
859 2441 931 2471 illas
956 2440 1088 2472 facetias
1113 2442 1240 2482 tragici.
1271 2443 1340 2474 Vix
1361 2443 1502 2482 joeosior
1526 2444 1604 2476 mihi

179 2501 307 2532 videtur
339 2511 438 2542 quam
470 2501 696 2543 ludimagister
731 2511 896 2539 morosus,
930 2503 984 2544 qui
1019 2513 1077 2544 per
1101 2511 1206 2535 totum
1230 2505 1316 2536 diem
1341 2507 1462 2546 agitata
1488 2507 1603 2540 serula.

180 2568 216 2592 ut
238 2560 386 2592 animum
409 2567 580 2592 resumant
601 2562 752 2602 discipuli
778 2570 970 2599 trementes,
995 2572 1106 2595 narrat
1129 2564 1169 2606 ijs
1193 2564 1312 2606 aliquid
1337 2566 1474 2598 ridiculi.

222 2619 274 2650 Ex
310 2629 395 2651 novo
427 2625 624 2661 argumento
658 2620 836 2653 Alcestidis
865 2621 951 2662 quod
974 2622 1122 2662 praebuit
1144 2624 1247 2654 codex
1272 2625 1457 2661 vaticanus,
1481 2627 1605 2667 primus

181 2677 288 2709 effecit
320 2678 475 2711 Glumius
505 2679 586 2710 hanc
622 2679 762 2711 sabulum
797 2680 835 2711 ub
859 2680 1018 2722 Euripide
1041 2692 1110 2713 esse
1133 2684 1361 2724 compositum,
1385 2694 1466 2725 quae
1491 2686 1606 2717 ultimo

180 2737 250 2768 loco
272 2737 466 2778 ten-alogiae
490 2747 549 2779 pro
571 2740 710 2779 satyrico
733 2739 876 2770 daretur.
924 2741 974 2772 Do
998 2741 1057 2772 huc
1081 2741 1279 2782 conjectura,
1304 2745 1606 2783 ‹111mnDindorlim

185 2795 276 2827 Poet.
310 2797 404 2829 Scen.
440 2797 519 2838 prol.
554 2798 592 2829 nd
629 2799 707 2830 Eur.
742 2809 816 2839 pag.
851 2801 886 2830 21
919 2809 1028 2831 verani
1056 2801 1192 2841 judicat,
1218 2812 1274 2832 nec
1299 2812 1361 2832 non
1389 2804 1608 2835 Bernhardius

183 2854 241 2885 Gr.
276 2855 340 2886 Lit.
375 2856 424 2894 11,
448 2858 479 2892 2,
504 2867 576 2897 pag.
607 2859 665 2888 11ss
689 2865 721 2888 ct
745 2859 803 2889 461
834 2869 914 2899 sqq,
939 2859 1094 2891 videndus
1113 2868 1160 2890 est
1185 2860 1223 2892 G.
1264 2862 1470 2892 llcrinunnus
1483 2862 1607 2903 proleg.

184 2913 223 2943 ad
261 2913 395 2955 Cyclop.
431 2925 503 2956 pag.
540 2917 559 2949 7
597 2927 663 2957 sqq.
709 2916 743 2948 Si
782 2927 858 2948 vera
895 2919 1013 2949 tradita
1049 2926 1122 2950 sunt
1155 2920 1188 2950 in
1224 2919 1278 2950 illo
1302 2928 1510 2960 argumento,
1534 2921 1607 2952 hinc
