1956 3346
983 192 1036 227 ‹u›

301 311 456 352 versari
498 315 662 365 potest,
708 311 796 351 sive
830 325 998 351 summo
1033 311 1176 353 dolore
1210 312 1275 353 vel
1312 317 1467 355 terrore
1501 313 1718 355 concutia-

299 390 382 437 tur,
429 385 518 425 sive
562 384 619 425 ira
666 384 949 426 excandescat
981 385 1047 426 vel
1080 386 1371 440 poenitentiae
1405 387 1595 429 stimulis
1629 388 1721 441 agi-

300 465 427 511 tetur,
474 474 691 514 nunquam
738 466 824 500 tam
859 460 970 502 male
1003 461 1041 502 ei
1073 475 1165 502 esse
1196 466 1363 516 potest,
1399 463 1502 518 quin
1535 463 1720 519 aliquid,

299 535 333 576 si
380 550 462 576 non
508 534 644 576 facete
689 540 737 576 ut
783 535 917 577 Siculi
951 540 1060 577 teste
1094 536 1295 578 Cicerone
1324 539 1348 591 ¹,
1384 542 1428 578 at
1461 538 1723 580 sententiose

299 609 424 651 dicat.
478 610 561 652 Vel
608 611 651 652 in
700 617 881 654 mortem
914 619 1085 654 ruentes
1119 613 1267 655 heroas
1301 619 1343 655 et
1376 614 1572 656 heroinas
1605 615 1722 656 vides

298 686 609 742 aliquantisper
657 687 812 729 morari
852 688 1102 743 priusquam
1146 688 1394 744 relinquant
1436 704 1630 742 scenam,
1676 698 1724 731 ut

296 760 418 814 ῥῆσιν
465 761 594 803 edant
639 762 690 803 de
735 763 849 803 vitae
897 762 1105 804 brevitate
1149 772 1191 804 et
1238 763 1530 805 inconstantia
1573 764 1639 805 vel
1673 765 1724 805 de

298 835 460 889 patriae
492 850 635 878 amore
669 836 735 878 vel
768 837 819 878 de
853 837 985 878 simili
1018 837 1217 891 materie,
1253 838 1305 879 ad
1338 838 1453 880 locos
1477 853 1724 880 communes

298 909 539 952 referenda:
574 911 767 966 frigescit
787 912 949 953 interea
971 912 1141 954 animus
1161 916 1463 967 spectatorum.
1501 913 1724 964 Quomodo

300 985 472 1027 tandem
494 985 585 1028 fieri
603 986 748 1041 potuit
772 990 819 1028 ut
840 987 968 1028 multi
992 987 1263 1029 laudaverint
1286 988 1393 1029 illud
1413 989 1723 1030 sententiarum

299 1061 552 1116 aucupium!
619 1061 731 1103 Nam
772 1077 885 1104 nunc
928 1076 1011 1103 non
1057 1063 1100 1103 id
1140 1064 1384 1118 quaerimus
1418 1078 1558 1105 annon
1597 1064 1723 1106 dietis

299 1136 385 1177 illis
412 1137 678 1192 permultum
712 1137 982 1180 contineatur
1014 1138 1149 1180 bonae
1181 1138 1337 1194 frugis3
1363 1139 1495 1180 immo
1517 1139 1725 1181 fateor—-

298 1217 341 1253 et
373 1212 467 1268 quis
500 1226 586 1253 non
618 1211 833 1253 fateatur?
865 1238 916 1242 —
952 1212 1025 1253 vix
1057 1212 1299 1268 elegantius
1332 1217 1375 1255 et
1407 1214 1573 1255 acutius
1602 1229 1724 1268 prae-

298 1292 421 1343 cepta
457 1287 756 1343 philosophica
787 1287 970 1342 exprimi
1003 1303 1127 1343 posse
1159 1303 1288 1344 quam
1321 1288 1483 1330 factum
1516 1294 1582 1331 est
1611 1290 1723 1331 mul-

298 1365 354 1406 tis
386 1364 490 1406 locis
525 1362 794 1418 Euripideis3
835 1363 907 1418 qui
941 1364 975 1405 si
1009 1364 1217 1405 memoria
1249 1369 1490 1418 teneantur,
1525 1380 1610 1407 nen
1642 1367 1724 1408 mi-

298 1453 445 1480 norem
489 1439 725 1481 utilitatem
767 1439 918 1481 afferre
960 1445 1144 1495 possunt
1175 1440 1380 1482 hodierno
1414 1441 1563 1483 lectori
1595 1457 1723 1497 quam

297 1514 486 1569 antiquis
521 1514 791 1568 hominibus,
827 1515 899 1569 qui
933 1514 1023 1570 ejus
1047 1515 1176 1557 verba
1195 1515 1359 1570 passim
1379 1515 1423 1556 in
1440 1516 1529 1557 suis
1551 1517 1722 1571 scriptis

297 1589 535 1643 laudando,
578 1589 698 1631 mille
742 1594 785 1631 et
827 1590 1013 1645 amplius
1057 1590 1302 1646 fragmenta
1344 1605 1396 1632 ex
1440 1590 1531 1645 ejus
1565 1591 1722 1633 fabulis

297 1664 528 1719 deperditis
568 1665 775 1706 oblivioni
824 1666 1083 1721 eripuerunt
1151 1666 1233 1709 sed
1267 1681 1381 1708 nunc
1413 1667 1531 1709 aliud
1564 1669 1722 1724 dijudi-

297 1740 480 1782 candum
525 1745 611 1794 est,
658 1755 810 1796 nempe
850 1746 993 1782 utrum
1029 1746 1179 1783 noceat
1214 1741 1445 1796 tragoediis
1479 1742 1555 1784 illa
1586 1744 1723 1786 abun-

296 1816 444 1857 dantia
492 1817 713 1858 doctorum
760 1817 1177 1872 apophthegmatum
1215 1832 1369 1859 necne:
1410 1832 1488 1873 ego
1521 1832 1619 1859 vero
1658 1819 1724 1874 ajo

297 1896 339 1933 et
383 1893 600 1933 confirmo.
666 1892 728 1934 Ut
774 1892 889 1934 enim
937 1896 1032 1934 utar
1073 1893 1322 1935 Aristotelis
1361 1893 1523 1946 verbis,
1557 1894 1626 1935 ἐάν
1661 1914 1723 1942 τις

296 1966 439 2022 ἐφεξῆς
472 1967 523 2024 θῇ
543 1966 687 2023 ῥήσεις
718 1967 862 2016 ἠθικὰς
894 1971 956 2009 καὶ
983 1967 1089 2015 λέξει
1112 1972 1173 2010 καὶ
1202 1966 1362 2023 διανοίᾳ
1380 1967 1420 2010 εὗ
1438 1972 1724 2021 πεποιημένας,

297 2044 346 2083 οὐ
391 2044 550 2090 ποιήσει
596 2043 618 2083 ὃ
663 2045 713 2090 ἦν
757 2049 829 2090 τῆς
872 2041 1108 2098 τραγῳδίας
1152 2042 1328 2098 {1071on
1366 2068 1421 2072 -—
1457 2042 1592 2089 Scena
1639 2059 1724 2085 non

297 2122 363 2159 est
401 2117 547 2159 schola
594 2118 665 2159 ubi
715 2118 920 2160 salutaria
964 2123 1191 2174 praecepta
1237 2118 1393 2159 animis
1438 2118 1722 2172 inculcentur,

297 2193 512 2235 actoribus
562 2193 651 2234 vice
706 2193 902 2248 magistri
949 2193 1276 2249 fungentibus,
1306 2194 1380 2235 scd
1429 2193 1562 2248 ipsius
1611 2194 1723 2236 vitae

297 2268 417 2323 quasi
453 2268 676 2322 speculum
709 2284 801 2310 esse
834 2274 1001 2323 oportet
1021 2268 1061 2310 3:
1092 2268 1135 2309 id
1160 2268 1256 2323 jure
1289 2268 1529 2323 poscimus3
1563 2269 1723 2324 alioqui

297 2357 446 2397 operae
495 2343 678 2397 pretium
730 2358 813 2385 non
862 2349 952 2386 erat
998 2344 1115 2385 adire
1157 2344 1395 2396 theatrum,
1442 2358 1574 2399 quum
1608 2344 1722 2386 domi

298 2418 443 2459 liceret
476 2419 691 2473 perlegere
723 2419 898 2475 aliquod
931 2418 1215 2461 enchiridium
1249 2419 1300 2460 de
1333 2419 1458 2460 rebus
1491 2419 1723 2460 moralibus

298 2493 361 2535 vel
398 2493 707 2548 philosophicis
742 2500 817 2537 aut
848 2495 978 2537 etiam
1013 2500 1237 2550 poetarum
1271 2495 1363 2537 loca
1396 2495 1563 2536 selecta.
1621 2494 1725 2535 Vita

301 2568 509 2610 imitanda
549 2574 592 2610 et
624 2571 901 2624 exprimenda
933 2576 1020 2620 cst3
1056 2585 1139 2611 non
1175 2570 1287 2612 nude
1320 2570 1489 2625 quidem
1525 2574 1598 2611 aut
1632 2569 1724 2610 sinc

300 2643 387 2684 ullo
430 2643 567 2685 colore
610 2650 653 2685 et
685 2650 858 2691 ornatu,
895 2647 967 2686 scd
1004 2647 1062 2686 ita,
1096 2651 1238 2687 tamen
1274 2651 1321 2686 ut
1356 2645 1460 2685 nihil
1497 2644 1723 2685 audiamus

345 2766 351 2784 ¹
402 2768 437 2797 ln
463 2768 601 2797 Vei-rvm
630 2768 691 2803 IV,
720 2770 767 2799 42³.

342 2826 354 2844 Ἰ
403 2826 538 2857 Λῑὶ5ῑοῑ.
563 2834 646 2866 poet.
670 2828 689 2856 6

343 2885 354 2901 :³
400 2885 433 2913 'll
464 2886 526 2925 γὰρ
552 2885 716 2925 τραγῳδία
741 2888 874 2927 μίμησαιΗ
902 2889 1003 2918 ἐστιν.
1020 2909 1026 2916 .
1043 2910 1069 2916 ,.
1103 2887 1189 2922 ffimv,
1216 2886 1288 2915 ibid*
