1956 3346
1005 197 1079 235 112¹

326 314 552 370 Euripides
571 320 713 356 narrat
731 329 775 356 se
793 315 1070 370 tragoediam,
1090 330 1215 371 quam
1237 317 1447 359 tumidam
1466 318 1519 359 ab
1532 318 1743 373 Aeschylo

321 394 560 444 acceperat,
595 390 732 444 primo
765 394 1041 442 extenuasse,
1075 390 1228 433 deinde
1261 405 1335 446 per
1352 393 1573 434 monodias
1597 408 1741 436 rursus

320 463 516 519 opimior-i
560 463 720 505 formae
767 464 1027 515 restituisse,
1080 464 1304 507 “admixto
1345 464 1738 521 Cephisoplioute.”

321 537 493 580 Scilicet
538 537 653 579 idem
697 553 826 580 verna
870 539 958 591 (vel
991 538 1229 593 discipulus
1264 540 1461 595 ingenuis
1495 541 1736 595 natalibus,

318 617 367 654 ut
392 611 590 654 nonnulli
611 616 884 667 putaverunt,
905 618 1110 668 negantes
1129 614 1282 656 servile
1298 614 1376 656 hoc
1398 629 1551 657 nomen
1570 630 1662 658 esse
1681 618 1734 670 ¹‚)

316 701 498 742 quocum
544 703 720 731 uxorem
765 689 856 744 ejus
902 689 1204 732 commercium
1251 690 1404 732 habere
1448 704 1591 732 rumor
1622 697 1734 743 erat,

317 763 359 803 in
407 762 585 805 canticis
632 763 938 818 componendis
987 763 1186 819 Euripidi
1231 778 1402 819 operam
1442 778 1595 806 navare
1626 764 1734 806 fere-

313 836 498 887 batur²;
546 837 659 892 quod
706 841 851 879 utrum
898 838 1042 893 aliqua
1084 852 1135 879 cx
1181 843 1301 893 parte
1338 852 1485 880 verum
1518 853 1571 880 an
1605 839 1733 881 fuerit

313 926 477 954 merum
510 916 823 964 commentum,
857 927 971 954 nunc
1003 913 1098 968 quis
1131 912 1266 954 dicat!

371 987 670 1029 Monodiarum
718 987 1047 1042 Euripidearum
1092 987 1250 1029 salsam
1300 988 1585 1029 imitationem
1624 988 1731 1043 legi-

311 1076 407 1104 mus
441 1062 546 1103 Ran.
580 1076 641 1104 vs.
680 1063 791 1103 1330
825 1076 914 1116 sqq.
940 1063 970 1114 ³,
1013 1061 1058 1102 in
1081 1075 1165 1117 qua
1182 1061 1414 1116 peculiaria
1435 1062 1586 1117 tragici
1610 1062 1728 1115 vitia,

306 1135 613 1179 vocabulorum
659 1135 960 1190 repetitiones,
996 1136 1203 1177 sermonis
1235 1136 1558 1191 magnificentia
1588 1151 1729 1178 rerum

307 1211 511 1253 tenuitati
558 1225 683 1266 saepe
728 1215 880 1266 p'arum
925 1211 1214 1266 respondens,
1259 1215 1303 1253 et
1334 1211 1378 1253 id
1408 1227 1545 1267 genus
1578 1212 1726 1267 plura,

305 1286 433 1341 plane
465 1286 613 1328 eodem
642 1286 770 1327 modo
801 1286 995 1328 ridentur
1026 1286 1078 1327 ab
1111 1286 1324 1340 Aeschylo
1356 1300 1439 1342 quo
1470 1286 1587 1341 prius
1611 1287 1726 1329 chori

305 1360 493 1414 cantica,
539 1364 589 1403 ut
635 1361 833 1404 vidimus.
885 1361 1002 1413 Quae
1045 1361 1097 1402 de
1128 1361 1204 1403 illa
1237 1361 1517 1403 festivissima
1551 1361 1726 1417 parodia

346 1518 356 1538 ¹
379 1519 492 1560 Biogr.
526 1518 608 1550 Eur.
641 1518 658 1549 1
686 1518 763 1549 dicit
792 1526 867 1548 eum
892 1517 989 1548 fuisse
1012 1516 1174 1558 οἰκογενές
1197 1517 1363 1558 μειράκιον
1386 1516 1573 1558 Euripidis,
1597 1522 1630 1549 et
1648 1526 1722 1548 cum

301 1577 372 1609 heri
403 1587 507 1608 uxore
541 1577 689 1608 illicitam
723 1576 992 1608 consuetudinem
1025 1575 1184 1607 habuisse.
1229 1575 1340 1608 Affert
1368 1575 1426 1606 hos
1452 1584 1565 1606 versus
1589 1575 1718 1607 Aristo-

300 1637 440 1677 phaneos
463 1637 494 1676 (e
517 1636 683 1677 Gerytade
705 1645 769 1668 sec.
793 1635 1035 1675 Dindorfium):

645 1697 846 1736 Κηφισοφῶν
869 1694 979 1735 ἄριστε
1003 1694 1055 1724 καὶ
1079 1693 1279 1732 μελάντατε,

642 1755 680 1785 σὺ
705 1753 744 1791 δὴ
768 1752 902 1791 ξυνέζης
925 1753 968 1789 ὡς
992 1754 1034 1783 τὰ
1059 1750 1156 1782 πόλλ’
1181 1751 1358 1793 Εὐριπίδῃ,

643 1813 698 1844 καὶ
721 1813 919 1850 ξυνεποὶεις,
944 1812 987 1848 ὥς
1010 1817 1106 1852 φασι,
1131 1811 1194 1848 τὴν
1216 1810 1392 1851 μελῳδίαν.

343 1874 451 1905 Aliter
484 1873 527 1905 K.
562 1872 601 1905 Ο.
630 1871 767 1908 Miiller,
791 1870 850 1902 Gr.
872 1870 976 1903 Liter.
999 1869 1124 1911 gesch„
1146 1869 1199 1908 ΙΙ,
1222 1879 1298 1910 pag.
1323 1870 1402 1908 154,
1425 1867 1723 1910 Cephisophontem

300 1942 416 1964 vocans
448 1933 530 1963 “den
552 1930 884 1972 Hauptschauspieler
906 1930 961 1961 des
985 1929 1172 1970 Euripides,
1196 1929 1253 1960 der
1275 1929 1310 1959 in
1333 1928 1396 1959 den
1420 1928 1611 1960 Monodieen
1635 1928 1722 1960 seine

301 1995 425 2033 “ganze
449 1991 566 2024 Stiirke
589 1991 723 2032 zeigte.''

341 2051 356 2072 ²
379 2052 512 2084 Praeter
534 2052 641 2083 locum
663 2052 696 2082 in
719 2049 926 2093 praecedenti
940 2049 1148 2080 annotatione
1161 2049 1295 2080 citatum
1307 2048 1372 2079 vid.
1388 2048 1470 2080 Rau.
1485 2057 1533 2078 vs.
1550 2049 1630 2081 1407
1643 2056 1722 2088 sqq„

301 2111 354 2141 ubi
394 2112 566 2142 admodum
606 2109 837 2142 contumeliose
871 2108 1057 2150 Aeschylus
1093 2109 1126 2138 in
1161 2107 1224 2138 fine
1257 2107 1348 2147 longi
1382 2106 1571 2138 certaminis
1604 2105 1721 2146 poetici

300 2172 378 2203 haec
401 2172 493 2202 dicit:

640 2231 693 2261 καὶ
718 2229 827 2270 μηκέτ’
851 2230 958 2270 ἔμοιγε
983 2227 1052 2259 κατ’
1077 2227 1175 2264 ἔπος,
1201 2226 1275 2260 ἀλλ’
1301 2227 1332 2263 ἐς
1358 2227 1418 2257 τὸν
1442 2225 1592 2266 σταθμὸν

636 2290 756 2325 αὐτός,
781 2290 821 2319 τά
848 2286 961 2325 παιδί’,
986 2287 1005 2324 ἡ
1031 2286 1132 2327 γυνὴ,
1159 2287 1379 2327 Κηφισοφῶν,

640 2347 746 2388 ἐμβὰς
770 2346 923 2384 καθῆσθαι
947 2343 1131 2384 συλλαβὼν
1155 2344 1195 2375 τὰ
1218 2342 1353 2383 βιβλία.

342 2410 466 2440 Versus
500 2408 579 2438 1452
601 2417 647 2447 sq.
670 2406 788 2438 afferre
809 2406 902 2442 nolo,
930 2406 1049 2446 quippe
1075 2413 1155 2445 quos
1179 2403 1394 2434 Aristarchus
1418 2403 1544 2443 spurios
1553 2401 1721 2442 judicarit.

300 2470 352 2512 (In
376 2469 478 2499 ultera
500 2468 666 2498 Ranarum
690 2465 878 2497 recensione
901 2465 999 2496 lectos
1023 2463 1122 2495 fuisse
1145 2468 1238 2504 putat
1259 2463 1294 2495 J.
1318 2462 1468 2502 Stanger,
1499 2461 1609 2494 Ueber
1637 2460 1716 2493 Um-

297 2527 467 2567 arbeitung
497 2527 625 2567 einiger
653 2535 699 2556 ar.
725 2524 933 2564 Kom'odien.)
978 2522 1172 2558 Caeterum,
1194 2521 1340 2562 quisquis
1363 2521 1433 2561 ejus
1455 2519 1584 2551 distichi
1607 2527 1718 2550 auctor

298 2593 362 2623 cst,
397 2586 509 2617 alludit
538 2592 570 2617 et
592 2585 648 2616 ille
671 2585 710 2615 ad
734 2584 896 2615 auxilium
919 2591 982 2623 quo
1006 2581 1239 2623 Cephisophon
1262 2580 1454 2621 Euripidem
1477 2579 1511 2609 in
1533 2587 1630 2619 opere
1654 2583 1717 2608 tra-

298 2647 372 2687 gico
405 2646 560 2686 adjuvare
597 2644 769 2675 serebatur.
793 2661 833 2666 —
857 2643 896 2674 In
921 2641 1189 2673 Acharnensibus
1217 2641 1351 2680 θυρωρεῖ
1374 2638 1530 2679 Euripidi,
1555 2647 1574 2668 a
1595 2647 1660 2678 quo
1682 2647 1716 2668 se

298 2707 435 2747 aliquem
467 2706 643 2746 sapientiae
677 2704 818 2736 colorem
848 2703 985 2734 traxisse
1015 2701 1155 2732 ostendit·
1177 2700 1269 2731 dictis
1293 2700 1359 2730 suis
1382 2699 1537 2735 eruditis,
1563 2702 1595 2728 ut
1619 2706 1717 2737 supra.

299 2775 370 2806 pag.
395 2767 437 2797 54
460 2776 504 2806 sq.
531 2765 681 2796 vidimus

342 2833 354 2852 ³
378 2829 478 2870 Apud
512 2826 719 2858 Athenaeum
742 2823 833 2854 VIII
857 2832 930 2863 pag.
953 2821 1037 2852 3421>
1059 2821 1156 2852 ctiam
1184 2820 1398 2851 imitationem
1422 2816 1593 2849 monodiac
1616 2814 1719 2847 Euri-

301 2893 411 2933 pidem:
434 2886 498 2926 legi
523 2884 652 2925 opinor,
677 2893 718 2913 ex
744 2881 898 2913 Axionici
922 2879 1154 2920 Phileuripidc.
1694 2884 1696 2887 ’
