1956 3346
1016 198 1037 235 Γ)
1045 201 1069 235 0

333 329 428 355 vcro
460 314 634 355 omnino
668 329 774 369 opus
803 321 892 356 crat
921 321 1007 356 tam
1043 316 1255 357 laboriosa
1287 317 1537 372 agnitione?
1591 318 1634 359 Si
1656 320 1758 360 Ore-

332 394 418 430 stes
451 389 629 430 diceret:
683 391 791 444 “ego
835 404 930 431 sum
964 391 1094 432 frater
1132 394 1231 432 tuus
1246 393 1286 443 ,'⁷
1325 396 1493 446 poterat
1527 392 1567 433 id
1601 392 1757 447 virgini

331 464 479 505 codem
516 464 602 505 fere
637 465 761 506 modo
796 465 995 519 probare,
1031 480 1113 520 quo
1147 466 1270 507 alteri
1305 467 1460 520 sorori,
1492 467 1758 522 Iphigeniae,

332 544 459 581 notus
500 541 549 580 iit
593 540 635 580 in
676 540 878 595 Tauride,
922 541 1026 582 talia
1058 543 1455 595 commemorando,
1498 558 1604 598 quae
1643 543 1759 584 solus

334 612 504 655 Orestes
543 618 688 669 posset
721 615 839 657 scire.
907 615 1000 657 Hac
1032 615 1206 670 quidem
1242 615 1283 656 in
1318 631 1360 657 re
1395 616 1629 671 Euripideo
1663 617 1759 658 dra-

332 690 437 730 mati
479 689 606 743 longe
647 689 871 731 antecellit
913 690 1219 744 Aeschyleum‚
1255 691 1298 731 in
1332 705 1414 745 quo
1448 691 1594 746 paucis
1629 691 1760 733 versi-

332 764 412 806 bus
460 764 698 806 absolvitur
743 764 932 819 agnitio,
984 780 1117 820 quum
1164 780 1239 820 per
1283 765 1457 820 longam
1505 765 1761 821 Euripideac

332 838 504 881 fabulae
530 844 696 894 partem
723 840 997 894 protrahatur
1014 840 1038 881 ¹.
1078 840 1141 882 De
1169 839 1338 882 callidis
1355 839 1514 882 veroin
1534 840 1762 882 Palamede

335 919 378 955 et
391 914 667 956 Andromeda
685 914 888 969 inventis,
903 929 1010 971 quae
1025 929 1077 957 ex
1090 915 1395 971 Aristophanis
1411 915 1573 957 salibus
1594 915 1667 967 (cf.
1690 929 1761 957 su-

336 1004 413 1044 pra
434 1004 531 1045 pag.
556 991 614 1031 40
631 990 747 1046 sqq.)
771 990 992 1043 novimus,
1015 994 1151 1032 tacere
1168 991 1297 1044 malo,
1318 1005 1448 1045 quum
1469 1005 1490 1032 e
1507 987 1763 1046 fragmentis

339 1064 413 1105 vix
445 1079 626 1120 aequum
655 1064 866 1119 judicium
908 1065 1115 1107 constitui
1146 1066 1284 1120 possit
1312 1066 1364 1107 de
1395 1065 1498 1107 totis
1522 1065 1682 1108 fabulis
1703 1071 1731 1106 2.

397 1139 464 1181 Ad
509 1139 684 1182 inventa
726 1140 947 1182 callidiora
987 1141 1199 1196 pertinere
1240 1140 1371 1182 etiam
1415 1140 1585 1182 videtur
1617 1141 1760 1183 creber

334 1214 408 1256 ille
451 1229 555 1256 usus
598 1218 847 1258 somniorum
894 1216 939 1256 in
988 1215 1208 1271 Euripidis
1258 1215 1443 1269 fabulis,
1495 1230 1621 1270 quern
1670 1215 1765 1257 risit

334 1289 645 1344 Aristophanes
679 1290 723 1331 in
756 1290 1038 1333 festivissima
1071 1291 1346 1333 imitatione³
1381 1291 1606 1333 monodiae
1635 1305 1763 1346 quani

379 1456 386 1475 ¹
433 1457 525 1488 Vere
545 1457 699 1489 Dindorf.
724 1458 820 1488 Poet.
846 1458 941 1489 Scen.
965 1468 1038 1499 pag.
1062 1459 1120 1489 20:
1169 1459 1320 1490 “Electra
1343 1458 1447 1489 multo
1471 1459 1586 1489 melior
1599 1460 1765 1499 tragoedia

333 1518 492 1546 “evasura
532 1515 663 1555 fuisset,
697 1517 722 1547 si
756 1517 932 1558 Euripides
964 1517 1124 1558 Aeschyli
1154 1518 1188 1548 in
1218 1518 1420 1558 Cho'cphoris
1451 1524 1507 1549 aut
1536 1518 1706 1558 Sophoclis
1730 1519 1763 1548 in

333 1575 488 1606 “Electra
521 1575 711 1616 exemplum
746 1582 873 1608 secutus
902 1583 1003 1614 essct,
1027 1587 1089 1607 nec
1113 1578 1206 1608 novis
1229 1578 1301 1609 illos
1324 1577 1463 1609 inventis
1490 1587 1647 1618 superare
1672 1578 1765 1608 irrito

334 1639 475 1666 “conatu
499 1635 705 1667 studuisset'·
1719 1631 1721 1633 ¹

378 1695 478 1735 Apud
509 1695 703 1736 Sophoclem
734 1705 861 1736 quoque
885 1696 1066 1737 βοστρύχῳ
1092 1696 1278 1737 τετμημένη)
1302 1696 1493 1737 agnoscitur
1519 1696 1668 1732 Orestes,
1698 1707 1762 1726 non

334 1760 442 1785 tamen
466 1753 536 1794 ejus
559 1754 667 1786 colore
691 1760 726 1786 ut
750 1756 836 1795 apud
859 1755 1081 1796 Aeschylum,
1105 1756 1159 1786 sed
1183 1755 1433 1797 Chrysothemis
1458 1755 1597 1786 invento
1620 1757 1660 1786 ad
1672 1757 1764 1796 Aga-

334 1814 514 1844 memnonis
549 1814 709 1845 tumulum
743 1814 910 1852 cincinno,
943 1814 1017 1845 inde
1050 1815 1206 1856 intelligit
1230 1814 1382 1848 Orestem
1407 1815 1467 1846 hoc
1491 1815 1624 1856 pietatis
1647 1815 1763 1856 pignus

336 1873 378 1902 ibi
403 1873 589 1913 deposuisse
614 1874 674 1913 (vs.
695 1875 760 1906 900
781 1876 875 1915 sqq.).
921 1875 1141 1915 Anagnorisis
1165 1880 1273 1906 autem
1296 1876 1380 1915 apud
1405 1874 1599 1915 Sophoclem
1621 1884 1685 1905 non
1699 1874 1764 1905 cito

334 1933 464 1972 quidem
499 1933 550 1970 fit,
585 1943 686 1974 quum
720 1934 853 1965 Electra
882 1933 1080 1975 Orestesque
1103 1935 1177 1966 inde
1202 1945 1221 1965 a
1245 1945 1291 1965 vs.
1319 1936 1401 1966 1098
1423 1936 1463 1965 ad
1484 1944 1534 1965 ’vsu
1563 1935 1644 1967 1172
1666 1935 1761 1965 collo-

334 1998 473 2032 quantur
505 1993 568 2024 sibi
603 1993 744 2025 invicem
779 1993 901 2034 ignoti,
937 2000 970 2025 et
1004 1993 1118 2025 deinde
1152 1995 1191 2025 ad
1215 2004 1264 2025 vs.
1290 1995 1368 2025 1221
1397 1993 1547 2029 Orestes,
1569 1994 1629 2025 etsi
1653 1995 1765 2035 agnita

334 2062 462 2090 sorore,
497 2052 568 2092 quis
602 2053 670 2093 ipse
705 2052 747 2083 sit
778 2053 886 2084 dicere
919 2058 1107 2090 cunctetur;
1143 2054 1199 2084 sed
1231 2061 1344 2084 mutua
1377 2053 1499 2094 agnitio
1529 2054 1610 2084 duos
1636 2059 1763 2084 tantum

335 2112 449 2152 implet
472 2111 665 2149 versiculos,
690 2122 739 2143 vs,
767 2113 849 2144 1222
872 2122 933 2152 sq.:

465 2172 591 2202 Electra
639 2172 656 2210 ἦ
681 2173 744 2212 γὰρ
769 2173 808 2203 σὺ
833 2174 959 2209 κεῖνος;

856 2230 962 2261 Orest.
1008 2230 1103 2269 τήνδε
1130 2230 1375 2273 προςβλὲψασὰ
1400 2243 1463 2271 μου

636 2288 800 2331 σφραγῖδα
825 2291 958 2331 πατρὸς
981 2290 1092 2331 ἔκμαθ’
1117 2290 1144 2321 εἰ
1171 2294 1258 2332 σαφῆ
1281 2290 1381 2332 λέγω.

469 2349 592 2380 Electra
639 2350 662 2379 ὠ
687 2349 854 2390 φίλτατον
878 2354 945 2392 φῶς
969 2356 1032 2381 etc.

379 2407 391 2426 ²
437 2408 624 2438 Admodum
661 2408 763 2439 facete
796 2409 834 2439 de
865 2409 1070 2448 quaestione,
1106 2414 1264 2449 quatenus
1286 2409 1319 2439 in
1342 2409 1467 2450 tragico
1490 2414 1585 2449 poeta
1606 2407 1763 2438 laudanda

334 2467 375 2498 sit
399 2467 560 2503 inventio,
583 2466 652 2507 egit
674 2467 868 2507 Lessingius
894 2467 1026 2506 (Hamb.
1050 2468 1266 2508 Dramaturg.
1291 2466 1336 2498 n⁰.
1361 2468 1396 2498 31
1426 2468 1521 2508 sqq.)‚
1544 2466 1598 2497 ubi
1617 2468 1762 2507 coarguit

334 2527 497 2559 Gallicum
533 2532 661 2567 poetam
697 2527 861 2558 Corncille
897 2528 1111 2568 nequicquam
1135 2527 1196 2557 sibi
1220 2527 1439 2568 perplacuisse
1462 2527 1495 2557 in
1518 2535 1655 2567 operosa
1678 2534 1760 2557 stru-

334 2593 425 2618 ctura
458 2587 644 2625 tragoediae
679 2587 896 2627 Rhodogune.
942 2587 1027 2620 Cum
1063 2597 1102 2618 eo
1125 2587 1288 2618 consentit
1314 2597 1377 2618 van
1401 2586 1563 2627 Limburg
1588 2587 1762 2623 Brouwer,

334 2648 461 2678 I‘rocvc
484 2655 624 2678 over...
653 2647 839 2687 Euripides,
864 2657 938 2687 pag.
967 2648 1043 2685 165,
1068 2647 1121 2678 nbi
1145 2647 1275 2679 Racinii
1290 2647 1474 2678 Phaedram
1490 2656 1564 2677 cum
1580 2646 1762 2686 Hippolyto

336 2705 502 2746 Euripidis
535 2714 742 2745 comparans,
777 2706 816 2736 de
851 2706 890 2737 iis
924 2717 1006 2747 quae
1038 2706 1187 2739 Gallicus
1211 2712 1306 2747 pocta
1329 2716 1413 2738 nova
1435 2705 1598 2745 adjecerat
1620 2705 1760 2745 simplici

335 2771 530 2806 argumento
554 2765 731 2805 Euripideo
755 2765 800 2795 ¹sic
824 2765 983 2807 loquitur:
1009 2767 1100 2798 “hier
1124 2767 1150 2797 is
1174 2776 1258 2807 gecn
1281 2768 1401 2798 andere
1425 2765 1612 2797 vcrdienstc
1626 2765 1687 2796 dan
1709 2765 1760 2796 dic

339 2835 395 2856 ran
423 2826 455 2855 m
478 2825 649 2865 difficulte‘
668 2825 844 2855 rainems'

379 2887 389 2902 Α
439 2886 553 2916 Ιζιιηιιτ.
578 2894 622 2916 vs.
652 2886 727 2916 1:331
756 2896 821 2925 sqq.
