1956 3346
988 182 1041 219 <⁷32

301 303 482 344 virorum
530 303 570 343 in
618 302 852 343 femineum
892 314 1042 342 sexum
1084 300 1273 341 conferre
1309 299 1560 351 moliuntur,
1606 303 1649 340 et
1682 300 1722 340 in

300 378 556 433 quibusdam
590 375 836 417 Academiis
869 374 1040 429 puellae
1065 374 1288 428 juventuti
1321 373 1538 415 studiosae
1571 388 1615 415 se
1649 374 1724 415 ad-

301 454 514 504 scribunt,
558 451 779 493 mulierem
818 456 907 491 tam
940 463 1092 503 parum
1127 449 1383 490 muliebrem
1415 451 1561 490 extare
1592 452 1723 503 puto,

302 533 414 571 certe
447 541 572 569 nosse
604 540 689 567 non
724 524 861 580 cupio.
929 523 975 566 si
1007 538 1105 565 vero
1138 523 1218 565 tibi
1250 523 1390 578 fingas
1421 522 1588 578 puellas
1606 523 1725 564 Atti-

301 619 370 646 cas
404 604 455 645 de
487 602 540 644 iis
573 601 698 643 rebus
732 600 1028 655 disputantes,
1066 598 1174 639 nihil
1200 601 1345 653 potest
1366 612 1458 639 esse
1481 597 1721 639 absurdius.

302 678 450 733 Neque
473 690 678 731 unquam,
705 689 758 716 ne
779 674 892 716 inter
914 672 1137 727 Euripidis
1160 671 1335 727 quidem
1357 670 1571 726 aequales,
1591 686 1727 727 quan-

304 753 465 795 tumvis
497 752 696 807 loquaces
730 754 773 792 et
804 750 995 803 dicaces,
1031 748 1161 790 moris
1193 747 1328 789 fuisse
1360 747 1525 802 opinor,
1549 751 1598 788 ut
1616 747 1727 800 irati,

303 828 394 883 spei
436 828 612 882 inopes,
657 826 854 867 morituri
898 825 1030 866 talem
1072 825 1117 865 in
1161 823 1338 865 modum
1376 822 1730 865 concionarentur

302 902 682 961 uthippolytus,
726 915 876 957 quem,
925 900 1093 942 detecto
1134 912 1339 941 novercae
1371 897 1535 940 incesto
1567 911 1728 950 amore,

303 992 455 1020 vovere
488 977 688 1019 audimus
721 980 771 1018 ut
801 977 930 1018 liceat
948 976 1092 1031 potius
1115 975 1160 1016 in
1182 974 1358 1016 deorum
1380 973 1568 1016 delubris
1593 987 1732 1015 emere

305 1052 468 1108 prolem
512 1066 640 1107 quam
674 1050 950 1092 matrimonio
994 1050 1172 1104 gignere
1204 1054 1240 1099 ¹3
1281 1048 1350 1090 vel
1391 1048 1590 1102 Hecuba,
1625 1062 1732 1103 quae

306 1128 479 1183 cognita
535 1126 714 1181 pulchra
759 1125 874 1167 filiae
919 1128 1080 1177 morte,
1128 1123 1342 1166 declamat
1386 1123 1438 1165 de
1486 1139 1614 1166 causa.
1659 1137 1733 1165 cur

309 1203 469 1245 “fortes
503 1205 698 1244 creentur
740 1200 1014 1250 f01·tibus”2;
1065 1199 1132 1241 vel
1178 1198 1376 1253 Orestes,
1423 1199 1497 1254 qui
1551 1198 1732 1254 argutiis

306 1278 495 1334 physicis
527 1277 705 1333 probare
738 1276 882 1318 studet
912 1274 1145 1330 Tyndareo,
1173 1274 1270 1329 jure
1302 1288 1327 1315 a
1356 1288 1401 1316 se
1429 1277 1625 1316 necatam
1643 1288 1735 1315 esse

308 1358 490 1396 matrem
513 1357 550 1403 33
598 1352 666 1393 vel
715 1351 992 1403 Menoeceus,
1034 1350 1109 1405 qui
1150 1350 1193 1390 in
1239 1339 1526 1391 deliberatam*
1552 1353 1733 1391 mortem

567 1509 658 1545 Ζεύς,
684 1509 727 1544 ὡς
751 1507 900 1538 λέλεκται
927 1509 984 1544 τῆς
1008 1505 1169 1544 ιίληθείας
1191 1505 1257 1537 ὕπο
1283 1506 1403 1545 (Arist.
1427 1506 1510 1538 Ran.
1535 1515 1580 1536 vs.
1609 1506 1715 1544 1244i‚

307 1572 363 1612 qui
388 1579 502 1602 versus
526 1568 623 1601 etiam
647 1568 682 1598 in
706 1567 854 1599 Pirithoo
876 1566 1057 1606 legebatur.
1082 1565 1218 1605 (Wagn.
1242 1564 1281 1595 fr.
1305 1565 1379 1603 595,
1403 1564 1605 1605 Dind.594.)
1629 1565 1737 1596 Nota-

308 1631 382 1662 bilis
405 1636 453 1662 est
476 1629 625 1670 inprimis
648 1628 704 1659 ille
726 1627 830 1668 μῦθος
853 1636 950 1667 quem
974 1625 1082 1666 puella
1104 1635 1139 1657 se
1162 1625 1326 1656 audivisse
1348 1625 1426 1656 dicit
1447 1635 1469 1655 a
1486 1628 1596 1656 matre
1610 1624 1738 1664 (quibus

309 1691 418 1723 verbis
449 1695 579 1730 poetam
610 1687 702 1728 ajunt
734 1686 871 1716 innuere
900 1694 934 1715 se
968 1684 1021 1715 hic
1055 1683 1202 1725 proferre
1232 1684 1415 1715 doctrinam
1439 1693 1503 1715 non
1527 1693 1619 1715 suam
1642 1683 1697 1714 sed
1720 1693 1739 1713 a

310 1758 522 1793 praeceptore
547 1748 754 1787 Anaxagora
776 1748 959 1785 acceptam3
981 1743 1097 1775 alludit
1120 1744 1162 1774 ad
1184 1754 1223 1775 ea
1246 1743 1331 1776 Plat.
1354 1743 1458 1775 Conv.
1485 1744 1544 1776 177
1564 1743 1631 1780 Α);

572 1807 615 1843 ὼς
640 1805 783 1846 οὐρανός
808 1815 841 1835 τε
865 1803 947 1845 γαῖά
971 1802 997 1834 τ’
1021 1803 1064 1841 ἦν
1086 1803 1197 1844 μορφὴ
1219 1803 1280 1842 μία
1303 1807 1363 1835 etc.
1389 1802 1441 1842 (fr.
1463 1802 1529 1834 488
1551 1801 1666 1842 Dind.)

354 1869 426 1902 Vix
449 1875 643 1909 quemquam
666 1868 733 1895 tam
757 1873 923 1894 morosum
947 1872 1017 1893 esse
1042 1862 1183 1893 arbitror
1206 1862 1285 1902 quin
1303 1862 1406 1893 risum
1424 1862 1454 1893 ei
1465 1867 1660 1902 extorqueat
1671 1862 1739 1893 Me·

312 1929 461 1969 lanippes
484 1925 681 1966 Euripideae
705 1922 848 1955 defensio
871 1923 955 1964 apud
978 1921 1174 1954 Barnesium
1197 1922 1256 1953 vit.
1278 1921 1391 1962 Eurip.
1414 1931 1483 1962 cap.
1510 1922 1557 1952 15.

357 1988 366 2007 ¹
412 1987 513 2027 Hipp.
526 1995 573 2016 VS.
587 1985 651 2015 618
672 1993 739 2024 sqq.
763 1982 975 2023 Hippolytus,
999 1991 1112 2013 omnes
1124 1981 1279 2012 mulieres
1291 1990 1405 2012 exosus
1423 1981 1492 2021 (cur
1507 1981 1650 2017 tandem,
1667 1989 1740 2011 cum

312 2053 408 2079 antea
430 2046 555 2077 nullam
578 2044 723 2075 novisset
745 2047 875 2083 praeter
898 2042 993 2072 deam
1016 2041 1177 2079 Dianam,
1200 2050 1286 2072 nunc
1308 2040 1405 2072 unius
1429 2044 1556 2071 tantum
1572 2038 1741 2080 perfidiam

313 2111 469 2147 expertus
502 2109 584 2136 esset
593 2106 618 2142 ?)
653 2101 801 2143 queritur
823 2101 1000 2132 humanam
1023 2105 1155 2141 gentem
1179 2109 1196 2131 e
1220 2099 1412 2130 mulieribus
1434 2099 1610 2140 procreari,
1634 2098 1742 2129 verbis

314 2166 395 2197 mihi
417 2164 547 2206 quidem
571 2171 725 2193 nauseam
749 2169 852 2201 paene
878 2159 1094 2191 moventibus.

357 2225 458 2266 Quasi
481 2233 559 2255 vero
581 2232 647 2254 non
668 2221 746 2253 satis
769 2224 854 2252 esset
877 2219 978 2251 semel
999 2218 1120 2260 aliquid
1143 2224 1211 2249 tam
1234 2217 1364 2248 absurdi
1388 2217 1521 2256 dixisse,
1537 2222 1632 2258 poeta
1643 2216 1741 2247 simil-

315 2286 427 2317 limam
462 2283 561 2326 ῥῆσιν
594 2282 710 2314 tribuit
743 2280 876 2318 Jasoni,
909 2280 941 2310 in
977 2279 1042 2311 fine
1065 2277 1225 2310 orationis
1249 2287 1404 2319 perquam
1427 2276 1618 2318 sophisticae
1642 2276 1745 2316 (Med.

317 2356 362 2376 vs.
388 2346 452 2378 573
475 2345 569 2384 sqq.):

790 2404 877 2442 χρῆν
903 2401 965 2441 γὰρ
992 2399 1136 2430 ἄλλοθέν
1161 2399 1265 2430 ποθεν
1287 2398 1433 2439 βροτοὺς

576 2461 699 2497 παῖδας
724 2459 938 2498 τεκνοῦσθαι,
963 2459 1048 2496 θῆλυ
1072 2457 1098 2488 δ’
1124 2457 1182 2488 οὐκ
1206 2448 1289 2488 elvia
1314 2455 1422 2498 γένος,

576 2520 704 2561 χοῦτως
729 2520 772 2551 ἂν
796 2520 853 2549 οὐκ
877 2520 919 2557 ἦν
944 2517 1038 2548 οὐδὲν
1062 2516 1256 2558 ἀνθρώποις
1280 2516 1395 2547 κακόν.

363 2580 374 2599 ²
422 2579 547 2611 Hecub.
571 2589 617 2609 vs.
641 2580 705 2609 592
728 2588 794 2619 sqq.

364 2639 375 2659 ³
420 2640 525 2671 Orest.
551 2649 596 2669 vs.
618 2639 684 2669 552
706 2649 768 2679 sq.:

578 2699 688 2739 πατὴρ
711 2699 771 2739 μὲν
795 2695 968 2738 ἐφύτευσέν
990 2708 1040 2737 με,
1065 2696 1106 2733 σι)
1131 2695 1156 2726 δ’
1181 2696 1283 2726 ἔτικτε
1310 2696 1407 2731 παῖς,

576 2759 613 2789 τὺ
637 2756 756 2798 σπέρμ’
780 2757 907 2797 ἄρουρα
933 2754 1168 2796 παραλαβυῖνσ’
1193 2755 1299 2784 ἄλλοι)
1324 2753 1417 2794 πάρα
1442 2757 1503 2783 etc.

327 2818 473 2849 Profecto
494 2817 656 2848 furentem
681 2825 778 2856 quam
802 2814 848 2845 sie
871 2815 1053 2855 sapientem
1077 2813 1209 2854 aequius
1232 2812 1317 2843 seras
1341 2812 1507 2844 Orestem!

367 2878 497 2909 Dixerit
522 2877 652 2918 aliquis:
685 2875 846 2910 nescisne,
871 2874 972 2911 Zoilc,
997 2873 1201 2914 Aeschylum
1228 2872 1312 2903 idem
1337 2870 1524 2911 scripsisse?
1574 2869 1643 2909 Ego
1667 2877 1747 2899 vero
