<?xml version="1.0" encoding="UTF-8"?>
<!DOCTYPE html PUBLIC "-//W3C//DTD XHTML 1.0 Transitional//EN"
    "http://www.w3.org/TR/xhtml1/DTD/xhtml1-transitional.dtd">
<html xmlns="http://www.w3.org/1999/xhtml" xml:lang="en" lang="en">
 <head>
  <title>
</title>
<meta http-equiv="Content-Type" content="text/html;charset=utf-8" />
  <meta name='ocr-system' content='tesseract 3.04.00' />
  <meta name='ocr-capabilities' content='ocr_page ocr_carea ocr_par ocr_line ocrx_word'/>
</head>
<body>
  <div class='ocr_page' id='page_1' title='image "./dearistophaneeur00leeuuoft_0113.png"; bbox 0 0 1956 3346; ppageno 0'>
   <div class='ocr_carea' id='block_1_1' title="bbox 873 198 944 237">
    <p class='ocr_par' dir='ltr' id='par_1_1' title="bbox 873 198 944 237">
     <span class='ocr_line' id='line_1_1' title="bbox 873 198 944 237; baseline 0 0"><span class='ocrx_word' id='word_1_1' title='bbox 873 198 944 237; x_wconf 72' lang='lat'>101</span> 
     </span>
    </p>
   </div>
   <div class='ocr_carea' id='block_1_2' title="bbox 197 316 1629 1946">
    <p class='ocr_par' dir='ltr' id='par_1_2' title="bbox 197 316 1629 1946">
     <span class='ocr_line' id='line_1_2' title="bbox 202 316 1621 375; baseline 0.001 -15"><span class='ocrx_word' id='word_1_2' title='bbox 202 331 382 373; x_wconf 87' lang='lat' dir='ltr'>quorum</span> <span class='ocrx_word' id='word_1_3' title='bbox 428 316 610 359; x_wconf 89' lang='lat' dir='ltr'>alterum</span> <span class='ocrx_word' id='word_1_4' title='bbox 658 318 778 360; x_wconf 87' lang='lat' dir='ltr'>alteri</span> <span class='ocrx_word' id='word_1_5' title='bbox 815 323 901 361; x_wconf 85' lang='lat' dir='ltr'>tam</span> <span class='ocrx_word' id='word_1_6' title='bbox 935 319 1077 361; x_wconf 80' lang='lat' dir='ltr'>simile</span> <span class='ocrx_word' id='word_1_7' title='bbox 1109 334 1236 375; x_wconf 84' lang='lat' dir='ltr'>quam</span> <span class='ocrx_word' id='word_1_8' title='bbox 1271 334 1397 361; x_wconf 86' lang='lat' dir='ltr'>ovum</span> <span class='ocrx_word' id='word_1_9' title='bbox 1436 325 1501 361; x_wconf 79' lang='lat' dir='ltr'>est</span> <span class='ocrx_word' id='word_1_10' title='bbox 1531 335 1621 362; x_wconf 80' lang='lat' dir='ltr'>ovo.</span> 
     </span>
     <span class='ocr_line' id='line_1_3' title="bbox 204 392 1623 449; baseline 0.001 -15"><span class='ocrx_word' id='word_1_11' title='bbox 204 392 421 445; x_wconf 84' lang='lat' dir='ltr'>Historia,</span> <span class='ocrx_word' id='word_1_12' title='bbox 465 393 531 434; x_wconf 90' lang='lat' dir='ltr'>cui</span> <span class='ocrx_word' id='word_1_13' title='bbox 579 392 725 435; x_wconf 86' lang='lat' dir='ltr'>fabula</span> <span class='ocrx_word' id='word_1_14' title='bbox 756 399 821 436; x_wconf 88' lang='lat' dir='ltr'>est</span> <span class='ocrx_word' id='word_1_15' title='bbox 853 400 1168 449; x_wconf 81' lang='lat' dir='ltr'>superstructa,</span> <span class='ocrx_word' id='word_1_16' title='bbox 1203 409 1371 437; x_wconf 84' lang='lat' dir='ltr'>necesse</span> <span class='ocrx_word' id='word_1_17' title='bbox 1404 400 1469 436; x_wconf 87' lang='lat' dir='ltr'>est</span> <span class='ocrx_word' id='word_1_18' title='bbox 1503 394 1623 436; x_wconf 86' lang='lat' dir='ltr'>nobis</span> 
     </span>
     <span class='ocr_line' id='line_1_4' title="bbox 198 467 1624 525; baseline 0.001 -17"><span class='ocrx_word' id='word_1_19' title='bbox 198 481 326 523; x_wconf 89' lang='lat' dir='ltr'>quam</span> <span class='ocrx_word' id='word_1_20' title='bbox 361 467 546 522; x_wconf 90' lang='lat' dir='ltr'>primum</span> <span class='ocrx_word' id='word_1_21' title='bbox 582 468 834 522; x_wconf 83' lang='lat' dir='ltr'>innotescat,</span> <span class='ocrx_word' id='word_1_22' title='bbox 866 484 1000 525; x_wconf 87' lang='lat' dir='ltr'>neque</span> <span class='ocrx_word' id='word_1_23' title='bbox 1020 483 1212 524; x_wconf 84' lang='lat' dir='ltr'>repugno</span> <span class='ocrx_word' id='word_1_24' title='bbox 1235 470 1462 524; x_wconf 75' lang='lat' dir='ltr'>quominus</span> <span class='ocrx_word' id='word_1_25' title='bbox 1480 469 1624 511; x_wconf 80' lang='lat' dir='ltr'>futura</span> 
     </span>
     <span class='ocr_line' id='line_1_5' title="bbox 198 544 1622 599; baseline 0.001 -16"><span class='ocrx_word' id='word_1_26' title='bbox 198 556 364 597; x_wconf 89' lang='lat' dir='ltr'>quoque</span> <span class='ocrx_word' id='word_1_27' title='bbox 396 544 779 598; x_wconf 70' lang='lat' dir='ltr'>praenuncientur,</span> <span class='ocrx_word' id='word_1_28' title='bbox 814 558 897 599; x_wconf 92' lang='lat' dir='ltr'>quo</span> <span class='ocrx_word' id='word_1_29' title='bbox 929 544 1064 599; x_wconf 87' lang='lat' dir='ltr'>major</span> <span class='ocrx_word' id='word_1_30' title='bbox 1103 545 1180 586; x_wconf 88' lang='lat' dir='ltr'>fiat</span> <span class='ocrx_word' id='word_1_31' title='bbox 1213 545 1357 585; x_wconf 85' lang='lat' dir='ltr'>horror</span> <span class='ocrx_word' id='word_1_32' title='bbox 1387 554 1459 586; x_wconf 82' lang='lat' dir='ltr'>aur</span> <span class='ocrx_word' id='word_1_33' title='bbox 1495 544 1622 586; x_wconf 74' lang='lat' dir='ltr'>mise-</span> 
     </span>
     <span class='ocr_line' id='line_1_6' title="bbox 197 616 1623 673; baseline 0.002 -16"><span class='ocrx_word' id='word_1_34' title='bbox 197 616 305 658; x_wconf 84' lang='lat' dir='ltr'>ratio</span> <span class='ocrx_word' id='word_1_35' title='bbox 343 616 433 671; x_wconf 89' lang='lat' dir='ltr'>jam</span> <span class='ocrx_word' id='word_1_36' title='bbox 481 632 554 672; x_wconf 88' lang='lat' dir='ltr'>per</span> <span class='ocrx_word' id='word_1_37' title='bbox 600 618 782 672; x_wconf 82' lang='lat' dir='ltr'>priorem</span> <span class='ocrx_word' id='word_1_38' title='bbox 829 617 998 659; x_wconf 86' lang='lat' dir='ltr'>fabulae</span> <span class='ocrx_word' id='word_1_39' title='bbox 1037 626 1227 673; x_wconf 74' lang='lat' dir='ltr'>partem:</span> <span class='ocrx_word' id='word_1_40' title='bbox 1261 620 1362 669; x_wconf 86' lang='lat' dir='ltr'>(etsi</span> <span class='ocrx_word' id='word_1_41' title='bbox 1398 619 1439 660; x_wconf 89' lang='lat' dir='ltr'>in</span> <span class='ocrx_word' id='word_1_42' title='bbox 1475 619 1548 660; x_wconf 88' lang='lat' dir='ltr'>illa</span> <span class='ocrx_word' id='word_1_43' title='bbox 1581 635 1623 661; x_wconf 86' lang='lat' dir='ltr'>rc</span> 
     </span>
     <span class='ocr_line' id='line_1_7' title="bbox 197 693 1623 748; baseline 0.004 -16"><span class='ocrx_word' id='word_1_44' title='bbox 197 697 356 733; x_wconf 89' lang='lat' dir='ltr'>certum</span> <span class='ocrx_word' id='word_1_45' title='bbox 406 693 617 748; x_wconf 81' lang='lat' dir='ltr'>quendam</span> <span class='ocrx_word' id='word_1_46' title='bbox 662 693 837 735; x_wconf 90' lang='lat' dir='ltr'>modum</span> <span class='ocrx_word' id='word_1_47' title='bbox 885 693 1040 735; x_wconf 86' lang='lat' dir='ltr'>servari</span> <span class='ocrx_word' id='word_1_48' title='bbox 1086 694 1239 746; x_wconf 88' lang='lat' dir='ltr'>velim,</span> <span class='ocrx_word' id='word_1_49' title='bbox 1281 709 1376 736; x_wconf 87' lang='lat' dir='ltr'>cum</span> <span class='ocrx_word' id='word_1_50' title='bbox 1409 700 1623 737; x_wconf 85' lang='lat' dir='ltr'>caeterum</span> 
     </span>
     <span class='ocr_line' id='line_1_8' title="bbox 198 767 1623 824; baseline 0.002 -16"><span class='ocrx_word' id='word_1_51' title='bbox 198 780 391 809; x_wconf 88' lang='lat' dir='ltr'>revocare</span> <span class='ocrx_word' id='word_1_52' title='bbox 440 767 480 808; x_wconf 92' lang='lat' dir='ltr'>in</span> <span class='ocrx_word' id='word_1_53' title='bbox 529 772 716 809; x_wconf 79' lang='lat' dir='ltr'>men‘tein</span> <span class='ocrx_word' id='word_1_54' title='bbox 760 767 930 809; x_wconf 84' lang='lat' dir='ltr'>lectoris</span> <span class='ocrx_word' id='word_1_55' title='bbox 970 767 1075 808; x_wconf 89' lang='lat' dir='ltr'>mihi</span> <span class='ocrx_word' id='word_1_56' title='bbox 1109 767 1234 809; x_wconf 88' lang='lat' dir='ltr'>liceat</span> <span class='ocrx_word' id='word_1_57' title='bbox 1265 783 1372 824; x_wconf 88' lang='lat' dir='ltr'>quae</span> <span class='ocrx_word' id='word_1_58' title='bbox 1404 769 1457 811; x_wconf 88' lang='lat' dir='ltr'>de</span> <span class='ocrx_word' id='word_1_59' title='bbox 1490 770 1623 811; x_wconf 87' lang='lat' dir='ltr'>nimia</span> 
     </span>
     <span class='ocr_line' id='line_1_9' title="bbox 198 840 1621 898; baseline 0.002 -15"><span class='ocrx_word' id='word_1_60' title='bbox 198 842 267 895; x_wconf 85' lang='lat' dir='ltr'>vi,</span> <span class='ocrx_word' id='word_1_61' title='bbox 303 856 430 897; x_wconf 86' lang='lat' dir='ltr'>quam</span> <span class='ocrx_word' id='word_1_62' title='bbox 463 842 576 897; x_wconf 81' lang='lat' dir='ltr'>apud</span> <span class='ocrx_word' id='word_1_63' title='bbox 612 841 859 896; x_wconf 77' lang='lat' dir='ltr'>Euripidem</span> <span class='ocrx_word' id='word_1_64' title='bbox 892 840 952 882; x_wconf 90' lang='lat' dir='ltr'>dii</span> <span class='ocrx_word' id='word_1_65' title='bbox 984 848 1182 883; x_wconf 78' lang='lat' dir='ltr'>exercent</span> <span class='ocrx_word' id='word_1_66' title='bbox 1215 842 1255 882; x_wconf 91' lang='lat' dir='ltr'>in</span> <span class='ocrx_word' id='word_1_67' title='bbox 1290 857 1353 884; x_wconf 84' lang='lat' dir='ltr'>res</span> <span class='ocrx_word' id='word_1_68' title='bbox 1387 843 1621 898; x_wconf 83' lang='lat' dir='ltr'>humanas,</span> 
     </span>
     <span class='ocr_line' id='line_1_10' title="bbox 199 917 1623 974; baseline 0.002 -16"><span class='ocrx_word' id='word_1_69' title='bbox 199 917 289 958; x_wconf 85' lang='lat' dir='ltr'>dixi</span> <span class='ocrx_word' id='word_1_70' title='bbox 331 932 459 973; x_wconf 87' lang='lat' dir='ltr'>supra</span> <span class='ocrx_word' id='word_1_71' title='bbox 503 931 599 972; x_wconf 85' lang='lat' dir='ltr'><strong>pag.</strong></span> <span class='ocrx_word' id='word_1_72' title='bbox 648 920 703 959; x_wconf 71' lang='lat'>29</span> <span class='ocrx_word' id='word_1_73' title='bbox 737 919 879 972; x_wconf 86' lang='lat' dir='ltr'>sqq.);</span> <span class='ocrx_word' id='word_1_74' title='bbox 916 917 989 958; x_wconf 88' lang='lat' dir='ltr'>sed</span> <span class='ocrx_word' id='word_1_75' title='bbox 1022 918 1244 973; x_wconf 83' lang='lat' dir='ltr'>permagni</span> <span class='ocrx_word' id='word_1_76' title='bbox 1277 919 1404 960; x_wconf 79' lang='lat' dir='ltr'>refert</span> <span class='ocrx_word' id='word_1_77' title='bbox 1434 934 1518 974; x_wconf 87' lang='lat' dir='ltr'>qua</span> <span class='ocrx_word' id='word_1_78' title='bbox 1554 921 1623 962; x_wconf 84' lang='lat' dir='ltr'>via</span> 
     </span>
     <span class='ocr_line' id='line_1_11' title="bbox 202 992 1622 1050; baseline 0 -16"><span class='ocrx_word' id='word_1_79' title='bbox 202 993 272 1035; x_wconf 90' lang='lat' dir='ltr'>ille</span> <span class='ocrx_word' id='word_1_80' title='bbox 304 1006 457 1048; x_wconf 87' lang='lat' dir='ltr'>scopus</span> <span class='ocrx_word' id='word_1_81' title='bbox 489 992 738 1048; x_wconf 83' lang='lat' dir='ltr'>attingatur.</span> <span class='ocrx_word' id='word_1_82' title='bbox 775 992 824 1034; x_wconf 95' lang='lat' dir='ltr'>In</span> <span class='ocrx_word' id='word_1_83' title='bbox 861 992 1092 1047; x_wconf 85' lang='lat' dir='ltr'>Euripidea</span> <span class='ocrx_word' id='word_1_84' title='bbox 1117 1007 1243 1035; x_wconf 84' lang='lat' dir='ltr'>scena</span> <span class='ocrx_word' id='word_1_85' title='bbox 1259 994 1622 1050; x_wconf 79' lang='lat' dir='ltr'>statimdcpresso</span> 
     </span>
     <span class='ocr_line' id='line_1_12' title="bbox 200 1067 1622 1125; baseline 0.001 -16"><span class='ocrx_word' id='word_1_86' title='bbox 200 1068 350 1109; x_wconf 84' lang='lat' dir='ltr'>aulaeo</span> <span class='ocrx_word' id='word_1_87' title='bbox 395 1067 586 1122; x_wconf 87' lang='lat' dir='ltr'>procedit</span> <span class='ocrx_word' id='word_1_88' title='bbox 629 1067 802 1109; x_wconf 81' lang='lat' dir='ltr'>heroina</span> <span class='ocrx_word' id='word_1_89' title='bbox 834 1067 1042 1123; x_wconf 83' lang='lat' dir='ltr'>quaedam</span> <span class='ocrx_word' id='word_1_90' title='bbox 1065 1068 1092 1121; x_wconf 88' lang='lat'>¹,</span> <span class='ocrx_word' id='word_1_91' title='bbox 1126 1068 1299 1124; x_wconf 89' lang='lat' dir='ltr'>longam</span> <span class='ocrx_word' id='word_1_92' title='bbox 1332 1070 1622 1125; x_wconf 88' lang='lat' dir='ltr'>monologiam</span> 
     </span>
     <span class='ocr_line' id='line_1_13' title="bbox 201 1142 1621 1200; baseline 0.002 -16"><span class='ocrx_word' id='word_1_93' title='bbox 201 1143 503 1193; x_wconf 85' lang='lat' dir='ltr'>decantatura3</span> <span class='ocrx_word' id='word_1_94' title='bbox 538 1147 690 1184; x_wconf 88' lang='lat' dir='ltr'>cuncta</span> <span class='ocrx_word' id='word_1_95' title='bbox 721 1142 773 1184; x_wconf 88' lang='lat' dir='ltr'>de</span> <span class='ocrx_word' id='word_1_96' title='bbox 804 1157 848 1184; x_wconf 88' lang='lat' dir='ltr'>sc</span> <span class='ocrx_word' id='word_1_97' title='bbox 881 1142 1054 1197; x_wconf 87' lang='lat' dir='ltr'>suisque</span> <span class='ocrx_word' id='word_1_98' title='bbox 1086 1148 1232 1185; x_wconf 79' lang='lat' dir='ltr'>exacte</span> <span class='ocrx_word' id='word_1_99' title='bbox 1249 1143 1425 1200; x_wconf 83' lang='lat' dir='ltr'>fuseque</span> <span class='ocrx_word' id='word_1_100' title='bbox 1439 1149 1621 1197; x_wconf 85' lang='lat' dir='ltr'>enarrat,</span> 
     </span>
     <span class='ocr_line' id='line_1_14' title="bbox 201 1216 1623 1261; baseline 0.002 -3"><span class='ocrx_word' id='word_1_101' title='bbox 201 1216 308 1258; x_wconf 83' lang='lat' dir='ltr'>citra</span> <span class='ocrx_word' id='word_1_102' title='bbox 338 1231 509 1259; x_wconf 90' lang='lat' dir='ltr'>omnem</span> <span class='ocrx_word' id='word_1_103' title='bbox 542 1222 684 1259; x_wconf 88' lang='lat' dir='ltr'>tamen</span> <span class='ocrx_word' id='word_1_104' title='bbox 718 1216 851 1258; x_wconf 91' lang='lat' dir='ltr'>animi</span> <span class='ocrx_word' id='word_1_105' title='bbox 883 1216 1110 1258; x_wconf 77' lang='lat' dir='ltr'>affectum:</span> <span class='ocrx_word' id='word_1_106' title='bbox 1144 1217 1301 1259; x_wconf 81' lang='lat' dir='ltr'>dixeris</span> <span class='ocrx_word' id='word_1_107' title='bbox 1334 1233 1427 1260; x_wconf 86' lang='lat' dir='ltr'>eam</span> <span class='ocrx_word' id='word_1_108' title='bbox 1459 1234 1510 1261; x_wconf 84' lang='lat' dir='ltr'>ex</span> <span class='ocrx_word' id='word_1_109' title='bbox 1547 1235 1623 1261; x_wconf 86' lang='lat' dir='ltr'>an-</span> 
     </span>
     <span class='ocr_line' id='line_1_15' title="bbox 203 1291 1626 1348; baseline 0.002 -15"><span class='ocrx_word' id='word_1_110' title='bbox 203 1291 372 1333; x_wconf 89' lang='lat' dir='ltr'>nalibus</span> <span class='ocrx_word' id='word_1_111' title='bbox 414 1292 626 1347; x_wconf 82' lang='lat' dir='ltr'>pagellam</span> <span class='ocrx_word' id='word_1_112' title='bbox 669 1292 933 1348; x_wconf 85' lang='lat' dir='ltr'>praelegere,</span> <span class='ocrx_word' id='word_1_113' title='bbox 982 1292 1086 1334; x_wconf 84' lang='lat' dir='ltr'>adeo</span> <span class='ocrx_word' id='word_1_114' title='bbox 1129 1294 1388 1335; x_wconf 82' lang='lat' dir='ltr'>examussim</span> <span class='ocrx_word' id='word_1_115' title='bbox 1422 1294 1626 1337; x_wconf 84' lang='lat' dir='ltr'>describit</span> 
     </span>
     <span class='ocr_line' id='line_1_16' title="bbox 203 1365 1625 1420; baseline 0.001 -12"><span class='ocrx_word' id='word_1_116' title='bbox 203 1371 390 1408; x_wconf 84' lang='lat' dir='ltr'>stemma</span> <span class='ocrx_word' id='word_1_117' title='bbox 439 1381 564 1409; x_wconf 87' lang='lat' dir='ltr'>suum</span> <span class='ocrx_word' id='word_1_118' title='bbox 586 1368 618 1420; x_wconf 74' lang='lat'>²,</span> <span class='ocrx_word' id='word_1_119' title='bbox 668 1381 693 1408; x_wconf 88' lang='lat' dir='ltr'>a</span> <span class='ocrx_word' id='word_1_120' title='bbox 733 1366 913 1408; x_wconf 88' lang='lat' dir='ltr'>Tantalo</span> <span class='ocrx_word' id='word_1_121' title='bbox 947 1365 1161 1408; x_wconf 88' lang='lat' dir='ltr'>Cadmove</span> <span class='ocrx_word' id='word_1_122' title='bbox 1193 1381 1353 1409; x_wconf 80' lang='lat' dir='ltr'>exorsa.</span> <span class='ocrx_word' id='word_1_123' title='bbox 1391 1368 1496 1420; x_wconf 86' lang='lat' dir='ltr'>Quis</span> <span class='ocrx_word' id='word_1_124' title='bbox 1529 1384 1625 1412; x_wconf 89' lang='lat' dir='ltr'>vero</span> 
     </span>
     <span class='ocr_line' id='line_1_17' title="bbox 203 1440 1627 1500; baseline 0.002 -16"><span class='ocrx_word' id='word_1_125' title='bbox 203 1455 337 1497; x_wconf 85' lang='lat' dir='ltr'>aequa</span> <span class='ocrx_word' id='word_1_126' title='bbox 380 1446 523 1482; x_wconf 88' lang='lat' dir='ltr'>mente</span> <span class='ocrx_word' id='word_1_127' title='bbox 567 1440 714 1482; x_wconf 89' lang='lat' dir='ltr'>audiat</span> <span class='ocrx_word' id='word_1_128' title='bbox 758 1440 988 1494; x_wconf 80' lang='lat' dir='ltr'>Jocasten,</span> <span class='ocrx_word' id='word_1_129' title='bbox 1039 1441 1140 1482; x_wconf 88' lang='lat' dir='ltr'>dum</span> <span class='ocrx_word' id='word_1_130' title='bbox 1186 1442 1392 1495; x_wconf 87' lang='lat' dir='ltr'>summis,</span> <span class='ocrx_word' id='word_1_131' title='bbox 1440 1448 1489 1486; x_wconf 89' lang='lat' dir='ltr'>ut</span> <span class='ocrx_word' id='word_1_132' title='bbox 1533 1444 1627 1500; x_wconf 79' lang='lat' dir='ltr'>ipsa</span> 
     </span>
     <span class='ocr_line' id='line_1_18' title="bbox 204 1515 1626 1574; baseline 0.001 -15"><span class='ocrx_word' id='word_1_133' title='bbox 204 1519 419 1568; x_wconf 74' lang='lat' dir='ltr'>testatur,¹</span> <span class='ocrx_word' id='word_1_134' title='bbox 463 1515 780 1557; x_wconf 84' lang='lat' dir='ltr'>calamitatibus</span> <span class='ocrx_word' id='word_1_135' title='bbox 827 1529 1029 1570; x_wconf 87' lang='lat' dir='ltr'>oppressa</span> <span class='ocrx_word' id='word_1_136' title='bbox 1086 1516 1280 1558; x_wconf 84' lang='lat' dir='ltr'>enucleat</span> <span class='ocrx_word' id='word_1_137' title='bbox 1329 1519 1626 1574; x_wconf 86' lang='lat' dir='ltr'>genealogiam</span> 
     </span>
     <span class='ocr_line' id='line_1_19' title="bbox 206 1590 1626 1646; baseline 0.002 -13"><span class='ocrx_word' id='word_1_138' title='bbox 206 1590 574 1633; x_wconf 82' lang='lat' dir='ltr'>Labdacidarum‘?</span> <span class='ocrx_word' id='word_1_139' title='bbox 606 1590 695 1632; x_wconf 91' lang='lat' dir='ltr'>Aut</span> <span class='ocrx_word' id='word_1_140' title='bbox 721 1590 932 1646; x_wconf 88' lang='lat' dir='ltr'>quomodo</span> <span class='ocrx_word' id='word_1_141' title='bbox 961 1590 1050 1632; x_wconf 88' lang='lat' dir='ltr'>fieri</span> <span class='ocrx_word' id='word_1_142' title='bbox 1077 1591 1234 1646; x_wconf 87' lang='lat' dir='ltr'>poterit</span> <span class='ocrx_word' id='word_1_143' title='bbox 1261 1597 1308 1634; x_wconf 92' lang='lat' dir='ltr'>ut</span> <span class='ocrx_word' id='word_1_144' title='bbox 1323 1607 1423 1635; x_wconf 84' lang='lat' dir='ltr'>mox</span> <span class='ocrx_word' id='word_1_145' title='bbox 1439 1595 1626 1636; x_wconf 85' lang='lat' dir='ltr'>multum</span> 
     </span>
     <span class='ocr_line' id='line_1_20' title="bbox 206 1665 1628 1724; baseline 0.002 -16"><span class='ocrx_word' id='word_1_146' title='bbox 206 1672 434 1721; x_wconf 86' lang='lat' dir='ltr'>tangamur</span> <span class='ocrx_word' id='word_1_147' title='bbox 466 1665 714 1707; x_wconf 88' lang='lat' dir='ltr'>infortuniis</span> <span class='ocrx_word' id='word_1_148' title='bbox 749 1666 945 1708; x_wconf 86' lang='lat' dir='ltr'>heroinae</span> <span class='ocrx_word' id='word_1_149' title='bbox 977 1666 1098 1720; x_wconf 86' lang='lat' dir='ltr'>cujus</span> <span class='ocrx_word' id='word_1_150' title='bbox 1133 1672 1220 1708; x_wconf 86' lang='lat' dir='ltr'>tam</span> <span class='ocrx_word' id='word_1_151' title='bbox 1254 1667 1365 1710; x_wconf 87' lang='lat' dir='ltr'>male</span> <span class='ocrx_word' id='word_1_152' title='bbox 1385 1674 1628 1724; x_wconf 84' lang='lat' dir='ltr'>pertaesum</span> 
     </span>
     <span class='ocr_line' id='line_1_21' title="bbox 205 1739 1628 1796; baseline 0.003 -14"><span class='ocrx_word' id='word_1_153' title='bbox 205 1741 264 1782; x_wconf 87' lang='lat' dir='ltr'>sit</span> <span class='ocrx_word' id='word_1_154' title='bbox 306 1739 430 1780; x_wconf 88' lang='lat' dir='ltr'>initio</span> <span class='ocrx_word' id='word_1_155' title='bbox 475 1739 708 1782; x_wconf 82' lang='lat' dir='ltr'>dramatis?</span> <span class='ocrx_word' id='word_1_156' title='bbox 757 1740 993 1796; x_wconf 86' lang='lat' dir='ltr'>Aliquanto</span> <span class='ocrx_word' id='word_1_157' title='bbox 1037 1741 1174 1783; x_wconf 85' lang='lat' dir='ltr'>levius</span> <span class='ocrx_word' id='word_1_158' title='bbox 1211 1746 1275 1783; x_wconf 88' lang='lat' dir='ltr'>est</span> <span class='ocrx_word' id='word_1_159' title='bbox 1309 1743 1628 1786; x_wconf 88' lang='lat' dir='ltr'>incommodum</span> 
     </span>
     <span class='ocr_line' id='line_1_22' title="bbox 206 1815 1629 1873; baseline 0.001 -15"><span class='ocrx_word' id='word_1_160' title='bbox 206 1816 279 1858; x_wconf 87' lang='lat' dir='ltr'>ubi</span> <span class='ocrx_word' id='word_1_161' title='bbox 311 1815 415 1857; x_wconf 85' lang='lat' dir='ltr'>deus</span> <span class='ocrx_word' id='word_1_162' title='bbox 442 1815 747 1870; x_wconf 84' lang='lat' dir='ltr'>praefationem</span> <span class='ocrx_word' id='word_1_163' title='bbox 784 1816 1039 1870; x_wconf 87' lang='lat' dir='ltr'>pronunciat</span> <span class='ocrx_word' id='word_1_164' title='bbox 1057 1820 1086 1868; x_wconf 83' lang='lat'>³,</span> <span class='ocrx_word' id='word_1_165' title='bbox 1121 1822 1163 1858; x_wconf 89' lang='lat' dir='ltr'>et</span> <span class='ocrx_word' id='word_1_166' title='bbox 1194 1817 1440 1872; x_wconf 72' lang='lat' dir='ltr'>hujilsmodi</span> <span class='ocrx_word' id='word_1_167' title='bbox 1462 1818 1629 1873; x_wconf 88' lang='lat' dir='ltr'>prologi</span> 
     </span>
     <span class='ocr_line' id='line_1_23' title="bbox 206 1890 1629 1946; baseline 0.001 -13"><span class='ocrx_word' id='word_1_168' title='bbox 206 1896 309 1933; x_wconf 89' lang='lat' dir='ltr'>sunt</span> <span class='ocrx_word' id='word_1_169' title='bbox 340 1890 493 1946; x_wconf 86' lang='lat' dir='ltr'>quibus</span> <span class='ocrx_word' id='word_1_170' title='bbox 526 1890 706 1932; x_wconf 87' lang='lat' dir='ltr'>tutelam</span> <span class='ocrx_word' id='word_1_171' title='bbox 739 1894 929 1946; x_wconf 86' lang='lat' dir='ltr'>praestat</span> <span class='ocrx_word' id='word_1_172' title='bbox 963 1890 1224 1946; x_wconf 85' lang='lat' dir='ltr'>Lessingius.</span> <span class='ocrx_word' id='word_1_173' title='bbox 1263 1892 1490 1934; x_wconf 90' lang='lat' dir='ltr'>Minimam</span> <span class='ocrx_word' id='word_1_174' title='bbox 1522 1893 1629 1934; x_wconf 89' lang='lat' dir='ltr'>mihi</span> 
     </span>
    </p>
   </div>
   <div class='ocr_carea' id='block_1_3' title="bbox 205 2051 1639 2932">
    <p class='ocr_par' dir='ltr' id='par_1_3' title="bbox 205 2051 1631 2162">
     <span class='ocr_line' id='line_1_24' title="bbox 251 2051 1631 2103; baseline 0.002 -10"><span class='ocrx_word' id='word_1_175' title='bbox 251 2061 261 2082; x_wconf 89' lang='lat'>¹</span> <span class='ocrx_word' id='word_1_176' title='bbox 285 2061 432 2094; x_wconf 80' lang='lat' dir='ltr'>Feminis</span> <span class='ocrx_word' id='word_1_177' title='bbox 454 2061 507 2093; x_wconf 89' lang='lat' dir='ltr'>hic</span> <span class='ocrx_word' id='word_1_178' title='bbox 528 2071 658 2103; x_wconf 90' lang='lat' dir='ltr'>quoque</span> <span class='ocrx_word' id='word_1_179' title='bbox 682 2070 777 2102; x_wconf 81' lang='lat' dir='ltr'>saepe</span> <span class='ocrx_word' id='word_1_180' title='bbox 801 2061 924 2102; x_wconf 88' lang='lat' dir='ltr'>primus</span> <span class='ocrx_word' id='word_1_181' title='bbox 947 2062 1033 2094; x_wconf 85' lang='lat' dir='ltr'>cedit</span> <span class='ocrx_word' id='word_1_182' title='bbox 1054 2061 1160 2099; x_wconf 87' lang='lat' dir='ltr'>locus,</span> <span class='ocrx_word' id='word_1_183' title='bbox 1189 2071 1253 2093; x_wconf 90' lang='lat' dir='ltr'>non</span> <span class='ocrx_word' id='word_1_184' title='bbox 1277 2062 1344 2093; x_wconf 87' lang='lat' dir='ltr'>sine</span> <span class='ocrx_word' id='word_1_185' title='bbox 1368 2063 1493 2100; x_wconf 89' lang='lat' dir='ltr'>omine,</span> <span class='ocrx_word' id='word_1_186' title='bbox 1525 2065 1550 2095; x_wconf 89' lang='lat' dir='ltr'>si</span> <span class='ocrx_word' id='word_1_187' title='bbox 1584 2051 1631 2096; x_wconf 85' lang='lat' dir='ltr'>re·</span> 
     </span>
     <span class='ocr_line' id='line_1_25' title="bbox 205 2120 1384 2162; baseline 0 -10"><span class='ocrx_word' id='word_1_188' title='bbox 205 2120 305 2162; x_wconf 88' lang='lat' dir='ltr'>spicis</span> <span class='ocrx_word' id='word_1_189' title='bbox 328 2130 464 2161; x_wconf 84' lang='lat' dir='ltr'>magnas</span> <span class='ocrx_word' id='word_1_190' title='bbox 486 2126 596 2161; x_wconf 87' lang='lat' dir='ltr'>partes</span> <span class='ocrx_word' id='word_1_191' title='bbox 618 2130 698 2162; x_wconf 87' lang='lat' dir='ltr'>quas</span> <span class='ocrx_word' id='word_1_192' title='bbox 719 2120 840 2161; x_wconf 79' lang='lat' dir='ltr'>passim</span> <span class='ocrx_word' id='word_1_193' title='bbox 868 2125 970 2161; x_wconf 83' lang='lat' dir='ltr'>agunt</span> <span class='ocrx_word' id='word_1_194' title='bbox 992 2120 1026 2151; x_wconf 90' lang='lat' dir='ltr'>in</span> <span class='ocrx_word' id='word_1_195' title='bbox 1050 2120 1167 2152; x_wconf 85' lang='lat' dir='ltr'>fabulis</span> <span class='ocrx_word' id='word_1_196' title='bbox 1190 2121 1384 2161; x_wconf 84' lang='lat' dir='ltr'>Euripideis.</span> 
     </span>
    </p>

    <p class='ocr_par' dir='ltr' id='par_1_4' title="bbox 210 2178 1636 2280">
     <span class='ocr_line' id='line_1_26' title="bbox 251 2178 1636 2220; baseline 0.002 -9"><span class='ocrx_word' id='word_1_197' title='bbox 251 2180 292 2211; x_wconf 89' lang='lat' dir='ltr'>In</span> <span class='ocrx_word' id='word_1_198' title='bbox 315 2178 431 2212; x_wconf 83' lang='lat' dir='ltr'>Oreste</span> <span class='ocrx_word' id='word_1_199' title='bbox 454 2178 626 2220; x_wconf 85' lang='lat' dir='ltr'>prologum</span> <span class='ocrx_word' id='word_1_200' title='bbox 649 2179 765 2211; x_wconf 82' lang='lat' dir='ltr'>recitat</span> <span class='ocrx_word' id='word_1_201' title='bbox 786 2179 936 2216; x_wconf 80' lang='lat' dir='ltr'>Electra,</span> <span class='ocrx_word' id='word_1_202' title='bbox 960 2179 1094 2212; x_wconf 67' lang='lat' dir='ltr'>‚Iocaste</span> <span class='ocrx_word' id='word_1_203' title='bbox 1118 2180 1151 2210; x_wconf 85' lang='lat' dir='ltr'>in</span> <span class='ocrx_word' id='word_1_204' title='bbox 1173 2180 1375 2218; x_wconf 74' lang='lat' dir='ltr'>Phoenissis,</span> <span class='ocrx_word' id='word_1_205' title='bbox 1392 2181 1636 2219; x_wconf 75' lang='lat' dir='ltr'>Andromache,</span> 
     </span>
     <span class='ocr_line' id='line_1_27' title="bbox 210 2237 1063 2280; baseline 0 -9"><span class='ocrx_word' id='word_1_206' title='bbox 210 2239 385 2280; x_wconf 79' lang='lat' dir='ltr'>Iphigenia</span> <span class='ocrx_word' id='word_1_207' title='bbox 405 2245 438 2270; x_wconf 88' lang='lat' dir='ltr'>et</span> <span class='ocrx_word' id='word_1_208' title='bbox 460 2238 590 2270; x_wconf 83' lang='lat' dir='ltr'>Helena</span> <span class='ocrx_word' id='word_1_209' title='bbox 611 2239 643 2270; x_wconf 92' lang='lat' dir='ltr'>in</span> <span class='ocrx_word' id='word_1_210' title='bbox 666 2237 785 2270; x_wconf 84' lang='lat' dir='ltr'>fabulis</span> <span class='ocrx_word' id='word_1_211' title='bbox 807 2238 1063 2280; x_wconf 65' lang='lat' dir='ltr'>cognominibus</span> 
     </span>
    </p>

    <p class='ocr_par' dir='ltr' id='par_1_5' title="bbox 209 2299 1637 2575">
     <span class='ocr_line' id='line_1_28' title="bbox 252 2299 1637 2341; baseline 0.001 -10"><span class='ocrx_word' id='word_1_212' title='bbox 252 2299 267 2319; x_wconf 78' lang='lat'>²</span> <span class='ocrx_word' id='word_1_213' title='bbox 291 2300 409 2333; x_wconf 87' lang='lat' dir='ltr'>Jocose</span> <span class='ocrx_word' id='word_1_214' title='bbox 438 2299 560 2331; x_wconf 82' lang='lat' dir='ltr'>imitari</span> <span class='ocrx_word' id='word_1_215' title='bbox 590 2299 718 2331; x_wconf 83' lang='lat' dir='ltr'>videtur</span> <span class='ocrx_word' id='word_1_216' title='bbox 743 2299 982 2340; x_wconf 81' lang='lat' dir='ltr'>Aristophanes</span> <span class='ocrx_word' id='word_1_217' title='bbox 1010 2299 1168 2331; x_wconf 58' lang='lat' dir='ltr'>Acharna</span> <span class='ocrx_word' id='word_1_218' title='bbox 1183 2309 1228 2332; x_wconf 79' lang='lat' dir='ltr'>vs.</span> <span class='ocrx_word' id='word_1_219' title='bbox 1253 2301 1294 2334; x_wconf 83' lang='grc'>47</span> <span class='ocrx_word' id='word_1_220' title='bbox 1317 2310 1385 2341; x_wconf 88' lang='lat' dir='ltr'>sqq.</span> <span class='ocrx_word' id='word_1_221' title='bbox 1409 2318 1449 2323; x_wconf 94' lang='lat'><strong>—</strong></span> <span class='ocrx_word' id='word_1_222' title='bbox 1474 2300 1512 2331; x_wconf 89' lang='lat' dir='ltr'>In</span> <span class='ocrx_word' id='word_1_223' title='bbox 1535 2301 1637 2332; x_wconf 83' lang='lat' dir='ltr'>Ranis</span> 
     </span>
     <span class='ocr_line' id='line_1_29' title="bbox 209 2358 1637 2400; baseline 0.001 -11"><span class='ocrx_word' id='word_1_224' title='bbox 209 2370 256 2391; x_wconf 87' lang='lat' dir='ltr'>vs.</span> <span class='ocrx_word' id='word_1_225' title='bbox 279 2360 343 2394; x_wconf 81' lang='lat'>937</span> <span class='ocrx_word' id='word_1_226' title='bbox 366 2368 436 2400; x_wconf 88' lang='lat' dir='ltr'>sqq.</span> <span class='ocrx_word' id='word_1_227' title='bbox 458 2358 636 2399; x_wconf 89' lang='lat' dir='ltr'>Euripides</span> <span class='ocrx_word' id='word_1_228' title='bbox 659 2368 752 2389; x_wconf 87' lang='lat' dir='ltr'>suam</span> <span class='ocrx_word' id='word_1_229' title='bbox 775 2358 960 2400; x_wconf 79' lang='lat' dir='ltr'>tragoedias</span> <span class='ocrx_word' id='word_1_230' title='bbox 983 2358 1121 2389; x_wconf 81' lang='lat' dir='ltr'>faciendi</span> <span class='ocrx_word' id='word_1_231' title='bbox 1146 2358 1303 2390; x_wconf 79' lang='lat' dir='ltr'>rationem</span> <span class='ocrx_word' id='word_1_232' title='bbox 1326 2359 1637 2400; x_wconf 80' lang='lat' dir='ltr'>describens,jactat</span> 
     </span>
     <span class='ocr_line' id='line_1_30' title="bbox 210 2416 1636 2459; baseline -0.001 -9"><span class='ocrx_word' id='word_1_233' title='bbox 210 2429 265 2452; x_wconf 72' lang='lat' dir='ltr'>eas</span> <span class='ocrx_word' id='word_1_234' title='bbox 298 2427 464 2459; x_wconf 82' lang='lat' dir='ltr'>nunquam</span> <span class='ocrx_word' id='word_1_235' title='bbox 497 2417 640 2448; x_wconf 79' lang='lat' dir='ltr'>caruisse</span> <span class='ocrx_word' id='word_1_236' title='bbox 669 2416 824 2453; x_wconf 80' lang='lat' dir='ltr'>exordio,</span> <span class='ocrx_word' id='word_1_237' title='bbox 853 2418 908 2448; x_wconf 87' lang='lat' dir='ltr'>sed</span> <span class='ocrx_word' id='word_1_238' title='bbox 937 2416 1079 2457; x_wconf 87' lang='lat' dir='ltr'>primum</span> <span class='ocrx_word' id='word_1_239' title='bbox 1103 2426 1265 2457; x_wconf 84' lang='lat' dir='ltr'>quemque</span> <span class='ocrx_word' id='word_1_240' title='bbox 1287 2424 1430 2449; x_wconf 84' lang='lat' dir='ltr'>actorem</span> <span class='ocrx_word' id='word_1_241' title='bbox 1451 2418 1514 2450; x_wconf 83' lang='lat' dir='ltr'>rite</span> <span class='ocrx_word' id='word_1_242' title='bbox 1537 2427 1636 2459; x_wconf 88' lang='lat' dir='ltr'>expo-</span> 
     </span>
     <span class='ocr_line' id='line_1_31' title="bbox 212 2474 1637 2518; baseline 0 -9"><span class='ocrx_word' id='word_1_243' title='bbox 212 2478 314 2509; x_wconf 81' lang='lat' dir='ltr'>suisse</span> <span class='ocrx_word' id='word_1_244' title='bbox 347 2477 388 2508; x_wconf 83' lang='lat' dir='ltr'>de</span> <span class='ocrx_word' id='word_1_245' title='bbox 421 2481 537 2517; x_wconf 80' lang='lat' dir='ltr'>gente,</span> <span class='ocrx_word' id='word_1_246' title='bbox 566 2474 658 2516; x_wconf 85' lang='lat' dir='ltr'>cujus</span> <span class='ocrx_word' id='word_1_247' title='bbox 688 2476 721 2506; x_wconf 88' lang='lat' dir='ltr'>in</span> <span class='ocrx_word' id='word_1_248' title='bbox 748 2475 895 2506; x_wconf 82' lang='lat' dir='ltr'>dramate</span> <span class='ocrx_word' id='word_1_249' title='bbox 918 2475 1094 2517; x_wconf 81' lang='lat' dir='ltr'>primariae</span> <span class='ocrx_word' id='word_1_250' title='bbox 1118 2482 1225 2507; x_wconf 84' lang='lat' dir='ltr'>essent</span> <span class='ocrx_word' id='word_1_251' title='bbox 1247 2482 1365 2516; x_wconf 81' lang='lat' dir='ltr'>partes.</span> <span class='ocrx_word' id='word_1_252' title='bbox 1411 2476 1504 2516; x_wconf 88' lang='lat' dir='ltr'>Quae</span> <span class='ocrx_word' id='word_1_253' title='bbox 1527 2477 1637 2518; x_wconf 87' lang='lat' dir='ltr'>procul</span> 
     </span>
     <span class='ocr_line' id='line_1_32' title="bbox 213 2534 1467 2575; baseline -0.002 -7"><span class='ocrx_word' id='word_1_254' title='bbox 213 2536 312 2568; x_wconf 86' lang='lat' dir='ltr'>dubio</span> <span class='ocrx_word' id='word_1_255' title='bbox 336 2553 377 2558; x_wconf 98' lang='lat'><strong>—</strong></span> <span class='ocrx_word' id='word_1_256' title='bbox 400 2535 556 2567; x_wconf 69' lang='lat' dir='ltr'>malitiose</span> <span class='ocrx_word' id='word_1_257' title='bbox 579 2535 754 2575; x_wconf 81' lang='lat' dir='ltr'>respondet</span> <span class='ocrx_word' id='word_1_258' title='bbox 776 2534 963 2575; x_wconf 80' lang='lat' dir='ltr'>Aeschylus</span> <span class='ocrx_word' id='word_1_259' title='bbox 984 2551 1025 2557; x_wconf 95' lang='lat'>—</span> <span class='ocrx_word' id='word_1_260' title='bbox 1049 2535 1103 2564; x_wconf 68' lang='lat' dir='ltr'>tuni</span> <span class='ocrx_word' id='word_1_261' title='bbox 1125 2542 1195 2565; x_wconf 77' lang='lat' dir='ltr'>erat</span> <span class='ocrx_word' id='word_1_262' title='bbox 1217 2535 1322 2566; x_wconf 86' lang='lat' dir='ltr'>multo</span> <span class='ocrx_word' id='word_1_263' title='bbox 1344 2535 1467 2567; x_wconf 90' lang='lat' dir='ltr'>melior.</span> 
     </span>
    </p>

    <p class='ocr_par' dir='ltr' id='par_1_6' title="bbox 214 2592 1639 2932">
     <span class='ocr_line' id='line_1_33' title="bbox 256 2592 1635 2637; baseline -0.001 -10"><span class='ocrx_word' id='word_1_264' title='bbox 256 2595 269 2615; x_wconf 82' lang='lat'>³</span> <span class='ocrx_word' id='word_1_265' title='bbox 291 2593 477 2637; x_wconf 68' lang='lat' dir='ltr'>Aphrodite</span> <span class='ocrx_word' id='word_1_266' title='bbox 509 2594 542 2624; x_wconf 90' lang='lat' dir='ltr'>in</span> <span class='ocrx_word' id='word_1_267' title='bbox 571 2593 768 2635; x_wconf 78' lang='lat' dir='ltr'>Hippolyto,</span> <span class='ocrx_word' id='word_1_268' title='bbox 798 2593 947 2625; x_wconf 81' lang='lat' dir='ltr'>Bacchus</span> <span class='ocrx_word' id='word_1_269' title='bbox 970 2593 1003 2623; x_wconf 86' lang='lat' dir='ltr'>in</span> <span class='ocrx_word' id='word_1_270' title='bbox 1026 2592 1180 2629; x_wconf 85' lang='lat' dir='ltr'>Bacchis,</span> <span class='ocrx_word' id='word_1_271' title='bbox 1205 2593 1238 2624; x_wconf 91' lang='lat' dir='ltr'>in</span> <span class='ocrx_word' id='word_1_272' title='bbox 1261 2594 1377 2625; x_wconf 80' lang='lat' dir='ltr'>Troasi</span> <span class='ocrx_word' id='word_1_273' title='bbox 1401 2594 1579 2632; x_wconf 79' lang='lat' dir='ltr'>Poseidon,</span> <span class='ocrx_word' id='word_1_274' title='bbox 1602 2595 1635 2626; x_wconf 90' lang='lat' dir='ltr'>in</span> 
     </span>
     <span class='ocr_line' id='line_1_34' title="bbox 214 2652 1637 2694; baseline -0.001 -8"><span class='ocrx_word' id='word_1_275' title='bbox 214 2655 294 2686; x_wconf 89' lang='lat' dir='ltr'>Ione</span> <span class='ocrx_word' id='word_1_276' title='bbox 316 2654 470 2691; x_wconf 85' lang='lat' dir='ltr'>Hermes,</span> <span class='ocrx_word' id='word_1_277' title='bbox 494 2653 616 2694; x_wconf 84' lang='lat' dir='ltr'>Apollo</span> <span class='ocrx_word' id='word_1_278' title='bbox 638 2653 671 2683; x_wconf 90' lang='lat' dir='ltr'>in</span> <span class='ocrx_word' id='word_1_279' title='bbox 695 2653 876 2690; x_wconf 83' lang='lat' dir='ltr'>Alcestide,</span> <span class='ocrx_word' id='word_1_280' title='bbox 899 2652 990 2694; x_wconf 85' lang='lat' dir='ltr'>cujus</span> <span class='ocrx_word' id='word_1_281' title='bbox 1013 2652 1168 2694; x_wconf 88' lang='lat' dir='ltr'>prologus</span> <span class='ocrx_word' id='word_1_282' title='bbox 1192 2663 1211 2684; x_wconf 88' lang='lat' dir='ltr'>a</span> <span class='ocrx_word' id='word_1_283' title='bbox 1233 2653 1378 2686; x_wconf 86' lang='lat' dir='ltr'>Goethio</span> <span class='ocrx_word' id='word_1_284' title='bbox 1395 2661 1529 2685; x_wconf 77' lang='lat' dir='ltr'>vocatur</span> <span class='ocrx_word' id='word_1_285' title='bbox 1545 2663 1637 2694; x_wconf 76' lang='lat' dir='ltr'>prae-</span> 
     </span>
     <span class='ocr_line' id='line_1_35' title="bbox 214 2712 1637 2754; baseline 0 -9"><span class='ocrx_word' id='word_1_286' title='bbox 214 2713 320 2745; x_wconf 81' lang='lat' dir='ltr'>claras</span> <span class='ocrx_word' id='word_1_287' title='bbox 342 2713 422 2744; x_wconf 81' lang='lat' dir='ltr'>artis</span> <span class='ocrx_word' id='word_1_288' title='bbox 445 2713 619 2754; x_wconf 84' lang='lat' dir='ltr'>specimen.</span> <span class='ocrx_word' id='word_1_289' title='bbox 645 2713 723 2751; x_wconf 84' lang='lat' dir='ltr'>(vid.</span> <span class='ocrx_word' id='word_1_290' title='bbox 747 2712 818 2753; x_wconf 77' lang='lat' dir='ltr'>ejus</span> <span class='ocrx_word' id='word_1_291' title='bbox 847 2713 978 2746; x_wconf 72' lang='lat' dir='ltr'>(r&#39;iitter.</span> <span class='ocrx_word' id='word_1_292' title='bbox 1004 2712 1137 2742; x_wconf 75' lang='lat' dir='ltr'>Helden</span> <span class='ocrx_word' id='word_1_293' title='bbox 1160 2713 1233 2743; x_wconf 76' lang='lat' dir='ltr'>mul</span> <span class='ocrx_word' id='word_1_294' title='bbox 1267 2714 1427 2749; x_wconf 73' lang='lat' dir='ltr'>ll&#39;ieland,</span> <span class='ocrx_word' id='word_1_295' title='bbox 1452 2714 1506 2744; x_wconf 79' lang='lat' dir='ltr'>ubi</span> <span class='ocrx_word' id='word_1_296' title='bbox 1531 2720 1637 2745; x_wconf 79' lang='lat' dir='ltr'>tumen</span> 
     </span>
     <span class='ocr_line' id='line_1_36' title="bbox 217 2772 1639 2814; baseline -0.001 -9"><span class='ocrx_word' id='word_1_297' title='bbox 217 2784 255 2806; x_wconf 87' lang='lat' dir='ltr'>eo</span> <span class='ocrx_word' id='word_1_298' title='bbox 285 2773 420 2805; x_wconf 87' lang='lat' dir='ltr'>consilio</span> <span class='ocrx_word' id='word_1_299' title='bbox 443 2773 572 2805; x_wconf 80' lang='lat' dir='ltr'>videtur</span> <span class='ocrx_word' id='word_1_300' title='bbox 596 2774 773 2814; x_wconf 86' lang='lat' dir='ltr'>impensius</span> <span class='ocrx_word' id='word_1_301' title='bbox 796 2773 928 2804; x_wconf 88' lang='lat' dir='ltr'>laudare</span> <span class='ocrx_word' id='word_1_302' title='bbox 952 2773 1164 2814; x_wconf 75' lang='lat' dir='ltr'>Euripideum</span> <span class='ocrx_word' id='word_1_303' title='bbox 1189 2772 1347 2809; x_wconf 77' lang='lat' dir='ltr'>fabulam,</span> <span class='ocrx_word' id='word_1_304' title='bbox 1370 2782 1449 2812; x_wconf 83' lang='lat' dir='ltr'>quo.</span> <span class='ocrx_word' id='word_1_305' title='bbox 1473 2782 1639 2814; x_wconf 84' lang='lat' dir='ltr'>compara-</span> 
     </span>
     <span class='ocr_line' id='line_1_37' title="bbox 217 2831 1638 2873; baseline -0.001 -8"><span class='ocrx_word' id='word_1_306' title='bbox 217 2834 305 2865; x_wconf 75' lang='lat' dir='ltr'>tione</span> <span class='ocrx_word' id='word_1_307' title='bbox 328 2833 552 2870; x_wconf 72' lang='lat' dir='ltr'>instituta,.in</span> <span class='ocrx_word' id='word_1_308' title='bbox 583 2834 740 2873; x_wconf 72' lang='lat' dir='ltr'>majorem</span> <span class='ocrx_word' id='word_1_309' title='bbox 769 2838 970 2864; x_wconf 86' lang='lat' dir='ltr'>contemtum</span> <span class='ocrx_word' id='word_1_310' title='bbox 996 2832 1131 2863; x_wconf 76' lang='lat' dir='ltr'>adducat</span> <span class='ocrx_word' id='word_1_311' title='bbox 1157 2831 1320 2862; x_wconf 75' lang='lat' dir='ltr'>Wiclandi</span> <span class='ocrx_word' id='word_1_312' title='bbox 1351 2832 1463 2862; x_wconf 78' lang='lat' dir='ltr'>dmum</span> <span class='ocrx_word' id='word_1_313' title='bbox 1493 2831 1638 2871; x_wconf 76' lang='lat' dir='ltr'>ejusdem</span> 
     </span>
     <span class='ocr_line' id='line_1_38' title="bbox 221 2893 381 2932; baseline -0.019 -7"><span class='ocrx_word' id='word_1_314' title='bbox 221 2893 381 2932; x_wconf 81' lang='lat' dir='ltr'>nominis).</span> 
     </span>
    </p>
   </div>
  </div>
 </body>
</html>
