1956 3346
832 535 1062 585 CAPUT
1101 536 1195 584 VI.

668 681 722 708 ΕΠ
729 682 752 709 R
759 681 768 708 1
776 681 846 708 PID
853 680 898 710 ΕΞ
932 681 1052 710 MORU
1058 682 1087 709 M
1120 681 1259 710 cORRU
1268 682 1384 711 PTOP..

910 802 929 809 xa
936 802 967 809 »κ
978 804 989 809 »7
998 803 1010 809 μ,
1017 802 1095 810 »xxx
1103 802 1140 809 vx

368 896 472 937 Post
517 910 668 951 graves
721 896 815 938 illas
870 897 1160 939 accusationes
1209 897 1260 938 de
1306 897 1562 939 labefactato
1611 897 1729 940 cultu

306 971 480 1013 deorum
513 977 556 1013 et
588 971 639 1013 de
671 972 972 1014 commendata
1003 971 1243 1026 perniciosa
1275 972 1489 1026 facundia,
1524 987 1638 1014 nunc
1665 973 1725 1029 ‘ad

305 1062 486 1100 novam,
520 1047 629 1089 hanc
661 1061 827 1102 quoque
843 1060 928 1087 non
946 1046 1110 1099 levem,
1146 1046 1355 1099 venimus,
1390 1047 1587 1089 videlicet
1604 1043 1731 1089 Euri-

304 1122 447 1176 pidem
480 1136 618 1164 mores
652 1122 810 1164 civium
843 1121 1096 1176 corrupisse.

363 1197 575 1252 Objicitur
608 1198 807 1253 Euripidi
842 1197 893 1239 ab
920 1197 1136 1251 Aeschylo
1162 1197 1206 1238 in
1230 1198 1447 1238 Ranarum
1471 1196 1617 1238 fabula
1645 1200 1727 1251 (vs.

306 1275 439 1323 1043)
472 1273 585 1328 quod
614 1273 772 1315 abusus
803 1272 861 1315 sit
892 1287 1018 1315 scena
1048 1272 1210 1327 tragica
1240 1273 1294 1313 ad
1316 1271 1608 1326 producendas
1631 1275 1731 1328 πόρ-

304 1367 393 1396 νας,
427 1348 665 1391 Phaedram
700 1348 930 1402 nimirum,
969 1348 1246 1402 Melanippen
1282 1347 1401 1388 illam
1432 1346 1731 1402 intempestive

302 1422 694 1478 philosophantem,
735 1424 1062 1480 Stheneboeam,
1106 1423 1227 1476 alias,
1274 1422 1400 1478 idque
1451 1423 1599 1465 fecerit
1635 1422 1730 1464 odio

302 1498 542 1541 mulierum.
607 1499 733 1541 Brevi
781 1504 892 1555 post,
941 1499 1154 1554 impotens
1188 1499 1300 1550 irae,
1348 1497 1586 1552 Aeschylus
1628 1498 1729 1539 haec

303 1573 345 1613 in
378 1588 474 1615 eum
508 1574 670 1616 evomit
702 1575 831 1625 (Ran.
867 1589 926 1616 vs.
967 1575 1130 1626 1078):

622 1663 756 1702 ποίων
786 1657 827 1702 δὲ
857 1663 990 1702 κακῶν
1021 1660 1094 1701 οὐκ
1125 1660 1253 1707 αἴτιός
1283 1660 1388 1702 {oi-'3

621 1730 670 1771 οὐ
699 1732 982 1786 προαγωγοὺς
1012 1728 1200 1776 κατέδειξ’
1231 1730 1354 1776 οὗτος
1375 1730 1382 1752 ¹
1403 1758 1411 1774 ‚

623 1803 686 1842 καὶ
716 1802 935 1848 τικτούσας
966 1801 1008 1841 ἐν
1037 1806 1126 1847 τοῖς
1155 1798 1334 1854 izpozcss',

621 1873 681 1911 καὶ
710 1871 962 1924 μιγνυμένας
991 1874 1124 1910 τοῖσιν
1155 1866 1408 1923 ἀδελφοῖςῧ;
1441 1874 1513 1904 etc·

362 1948 444 1989 Hic
492 1952 636 1990 tamen
685 1947 881 1989 dubitare
926 1947 1065 2002 possis
1112 1946 1215 2002 quid
1265 1946 1477 2000 vituperet
1524 1946 1723 1988 comicus.

302 2023 436 2077 Nam,
483 2037 591 2078 quae
633 2027 725 2065 erat
755 2023 1031 2077 antiquorum
1063 2021 1303 2075 hominum,
1337 2020 1728 2076 Aristophanisque

302 2113 400 2153 prae
449 2098 626 2152 multis,
676 2098 759 2140 oris
808 2097 1006 2150 libertas,
1040 2097 1111 2138 vix
1143 2101 1294 2151 putare
1340 2099 1508 2151 poterat
1558 2110 1724 2138 morum

301 2174 563 2228 corruptelae
585 2173 772 2215 multum
795 2172 895 2214 addi
925 2171 961 2214 si
992 2171 1134 2227 palam
1153 2185 1291 2212 sermo
1323 2170 1443 2213 fieret
1475 2171 1526 2213 de
1557 2171 1726 2213 adulte-

303 2248 384 2301 rio,
417 2249 468 2290 de
520 2248 685 2304 virgine
727 2247 879 2289 vitiata
925 2250 968 2288 et
1000 2247 1052 2288 de
1095 2245 1308 2287 similibus
1340 2247 1464 2288 rebus
1497 2246 1722 2301 pudendis.

306 2325 402 2379 Ipse
421 2324 754 2378 Aristophanes,
789 2322 881 2376 cui,
916 2326 965 2363 ut
979 2321 1023 2363 in
1043 2321 1238 2363 Platonis
1258 2320 1464 2363 Convivio
1487 2327 1502 2351 ⁴
1523 2320 1627 2363 dicit
1647 2321 1723 2363 So-

303 2404 455 2452 υΓὶιίθδ,
491 2402 579 2455 περὶ
609 2399 820 2440 Διόνυσον
851 2400 914 2439 καὶ
949 2394 1200 2452 Ἀφροδίτην
1230 2399 1342 2437 πᾶσα
1373 2397 1397 2444 ἡ
1425 2394 1630 2451 διατριβή,
1662 2401 1722 2436 tot

347 2511 353 2524 ¹
403 2505 575 2536 Nutricem
602 2505 771 2535 Phaedrae
796 2505 828 2534 in
855 2503 961 2534 fabula
986 2502 1174 2542 Hippolyto.

346 2565 358 2583 2'
405 2566 537 2605 Auge-n.

345 2623 357 2642 ³
403 2624 500 2655 Aeoli
538 2623 625 2655 [ilias.
674 2625 822 2654 Eandem
853 2624 893 2653 ob
917 2633 1046 2654 causam
1071 2631 1168 2662 supra
1191 2631 1237 2651 vs.
1261 2620 1326 2652 850
1349 2620 1467 2651 dicitur
1491 2621 1618 2662 γάμους
1641 2623 1722 2652 ἁνυ-

302 2685 394 2722 σίυυς
429 2683 567 2726 ἐςφὲρων
602 2684 634 2720 ἐς
669 2684 732 2721 τὴν
757 2683 892 2724 τέχνην.
941 2683 1076 2715 Scilicet
1099 2682 1132 2712 in
1159 2680 1263 2712 Aeolo
1286 2680 1434 2710 dramate
1458 2679 1557 2719 ἐβίνει
1583 2679 1723 2722 ἁδελφὸς

301 2755 363 2781 την
386 2742 592 2783 ὁμομητρίαν
615 2742 760 2784 ἀδελφὴν
785 2742 948 2779 (Canacen
972 2741 1159 2779 Macareus)
1184 2738 1269 2770 Nub.
1296 2748 1342 2768 vs.
1372 2738 1601 2775 1371300nf'er.
1623 2740 1721 2771 etiam

302 2802 449 2832 aculeata
473 2802 605 2842 parodia
629 2811 740 2833 versus
764 2812 804 2833 ex
832 2802 889 2832 hae
913 2801 1081 2840 tragoedia
1105 2801 1136 2830 in
1164 2800 1246 2830 Ran.
1273 2808 1316 2829 vs.
1345 2799 1435 2831 1475.

347 2863 358 2880 ⁴
408 2863 485 2901 rag.
517 2863 635 2894 1771).
