1956 3346
984 182 1059 222 1:32

365 306 443 347 Vix
490 306 573 346 alia
615 305 828 346 sententia
870 304 1122 345 audiebatur
1169 318 1216 345 eo
1252 308 1452 359 tempore.
1523 304 1725 345 Nostrum

300 396 396 423 vero
433 380 674 432 saeculum,
714 384 762 420 ut
786 379 827 419 in
851 379 948 420 aliis
980 379 1250 433 disciplinis,
1287 380 1347 421 sic
1378 380 1505 421 etiam
1538 379 1580 420 in
1613 380 1726 421 anti-

300 471 477 512 quarum
511 455 729 496 literarum
762 454 905 495 studio
942 454 1101 496 multas
1129 460 1291 495 veteres
1316 454 1537 508 opiniones
1569 453 1729 495 delevit¹

299 537 341 573 et
383 544 512 571 novas
552 528 734 583 protulit
776 529 818 569 in
866 528 1025 582 lucem,
1071 527 1282 582 prioribus
1329 542 1455 582 saepe
1491 543 1513 569 e
1557 527 1727 582 regione

299 605 530 660 oppositas.
570 604 634 644 De
663 602 870 657 Euripide
903 616 1069 657 quoque
1092 602 1277 643 subnata
1307 607 1410 643 sunt
1424 601 1587 656 judicia
1609 617 1727 657 pror-

299 694 370 720 sus
403 679 593 731 diversa,
626 691 749 732 quem
780 691 911 732 quum
945 682 1071 718 antea
1104 676 1196 717 sine
1225 676 1426 731 epithetis
1447 677 1727 718 reverentiam

299 753 707 807 admirationemque
740 752 1000 794 testantibus
1033 751 1249 806 appellare
1281 751 1399 793 nefas
1422 756 1534 793 esset
1563 751 1726 804 visum,

299 828 530 870 recentiore
564 836 754 882 tempore
784 827 865 868 viri
900 826 1014 868 docti
1049 826 1263 881 despicere
1299 832 1341 867 et
1370 826 1614 868 conculcare
1635 840 1727 868 coe-

300 909 478 960 perunt,
524 904 568 945 in
610 918 692 959 quo
724 902 831 944 alter
865 916 990 956 saepe
1021 900 1263 943 aemulatus
1296 906 1360 942 est
1393 901 1539 942 alteri:
1577 902 1728 950 πάντες

301 977 462 1036 ἤρειδον
505 982 561 1027 εἰς
605 976 895 1034 Ὑπέρβολον.
959 976 994 1017 Ε
1043 975 1193 1017 multis
1242 976 1487 1018 nominasse
1542 976 1728 1018 sufficiat

301 1055 588 1110 Sehlegelium
616 1056 623 1075 ¹
646 1086 656 1107 ,
706 1051 1007 1103 WVielamlum,
1054 1050 1305 1091 Bunsenum
1326 1051 1364 1104 ⁹2,
1419 1050 1662 1106 Gruppium
1684 1057 1724 1105 3,

299 1145 375 1172 nec
418 1130 555 1171 multo
600 1130 666 1171 his
714 1127 1033 1171 clementiorem
1073 1126 1123 1168 Gr.
1171 1126 1495 1179 Helmannum,
1544 1126 1617 1181 qui
1660 1127 1724 1168 vel

299 1220 427 1247 unam
476 1205 527 1246 de
574 1203 796 1259 Sophoclis
845 1203 1077 1259 deperditis
1126 1202 1284 1243 fabulis
1330 1216 1415 1243 non
1462 1202 1591 1244 nimis
1634 1217 1727 1244 care

300 1281 534 1322 redemtam
577 1279 665 1321 fore
706 1284 956 1321 cunctarum
992 1276 1320 1332 Euripidearum
1345 1276 1535 1331 jactura,
1569 1277 1726 1319 alicubi

299 1356 566 1409 autumavit,
601 1355 683 1397 etsi
716 1355 889 1397 Goethii
923 1352 1195 1409 Iphigeniam
1228 1366 1324 1393 cum
1348 1352 1582 1407 Euripidea
1610 1367 1724 1394 com-

300 1446 453 1485 parans
486 1435 697 1472 recentem
730 1429 930 1484 antiquae
961 1426 1204 1483 tragoediae
1232 1426 1378 1468 cedere
1401 1427 1569 1468 censuit
1589 1434 1620 1480 4,
1651 1442 1725 1482 pa-

300 1508 506 1562 rilemque
552 1505 811 1547 sententiam
856 1503 959 1546 tulit
1007 1503 1059 1544 de
1109 1502 1338 1556 Schlegelii
1371 1501 1562 1543 dramate
1598 1503 1723 1555 Ione,

299 1597 394 1624 cum
446 1580 666 1636 Euripidis
698 1579 845 1621 fabula
879 1578 1070 1633 ejusdem
1101 1576 1288 1618 nominis
1322 1576 1488 1618 collato.
1561 1576 1725 1632 Nempe

300 1658 412 1700 idem
456 1656 671 1698 faciebant
702 1655 746 1695 hi
777 1654 912 1696 severi
938 1653 1104 1708 judices
1134 1653 1247 1707 quod
1279 1651 1436 1693 fecerat
1468 1651 1724 1707 Aristopha-

301 1750 398 1776 nes:
433 1733 486 1774 ad
519 1745 711 1773 normam
746 1743 894 1771 scenae
925 1727 1187 1781 Aeschyleae
1211 1727 1553 1782 Sophocleaeque
1580 1727 1725 1782 exige-

300 1809 404 1850 bant
450 1805 668 1860 Euripidis
716 1805 934 1856 dramata,
982 1802 1273 1857 improbantes
1316 1806 1359 1843 et
1391 1801 1724 1844 condemnantes

300 1883 500 1939 quicquid
544 1882 597 1922 ad
646 1894 739 1922 eam
785 1893 870 1920 non
918 1877 1146 1933 quadraret
1187 1882 1229 1918 et
1275 1877 1342 1919 vel
1389 1876 1576 1932 digitum
1628 1876 1726 1918 inde

301 1958 545 2000 discederet.
595 1955 696 1996 Mox
728 1954 899 2009 aequior
933 1957 1076 1994 tamen
1113 1966 1258 1994 rursus
1293 1951 1477 1994 invaluit
1502 1951 1725 2007 judicandi

301 2034 431 2083 ratio,
493 2045 621 2087 quam
658 2029 749 2085 jam
800 2027 1119 2069 commendarat
1168 2027 1444 2083 Lessingius‚
1493 2033 1724 2082 praeeunte

303 2108 500 2160 Goethio,
550 2117 729 2160 quorum
772 2102 958 2157 agminis
1003 2102 1138 2143 instar
1181 2107 1368 2157 uterque.
1438 2101 1551 2153 Quin
1580 2101 1726 2143 extitit

308 2183 531 2225 ssarnesius
576 2180 706 2232 alter,
755 2177 1050 2232 Hartungius,
1085 2177 1157 2232 qui
1184 2177 1348 2218 scilicet
1385 2176 1607 2218 “restituit
1637 2177 1724 2219 Eu-

301 2258 569 2314 ri1.)i‹lem⁷'⁵,
609 2255 714 2296 nihil
750 2268 834 2295 non
869 2236 911 2293 iii
944 2265 993 2294 eo
1026 2253 1160 2293 nitere
1197 2252 1469 2293 contendens.
1520 2251 1617 2293 Non
1649 2252 1724 2293 ab·

302 2333 462 2376 similia
479 2337 580 2373 sunt
601 2330 742 2372 studia
774 2328 987 2383 l‘flugkii‚
1010 2328 1084 2382 qui
1114 2327 1155 2367 in
1186 2342 1263 2368 sua
1290 2326 1509 2381 Euripidis
1539 2327 1725 2370 editione

302 2409 460 2465 passini
493 2407 699 2460 tragicum
730 2408 877 2445 contra
923 2403 1128 2444 comicum
1163 2402 1480 2457 antagonistam
1517 2401 1719 2444 defendit.

349 2583 353 2601 ¹
380 2584 423 2614 A.
448 2582 500 2613 W.
524 2591 584 2611 von
609 2579 769 2619 schlcgcl,
792 2579 1021 2617 Vorlesungen
1047 2577 1122 2607 iiber
1146 2577 1282 2607 dramut.
1311 2577 1414 2607 Kunst
1442 2576 1503 2606 und
1532 2574 1723 2606 Litteratur.

303 2643 378 2674 Vid.
403 2641 548 2681 inprimis
571 2646 665 2680 caput
691 2640 732 2676 V,
758 2639 906 2669 editionis
929 2638 984 2668 alt,
1010 2647 1082 2677 pag.
1113 2637 1287 2666 198—268.

345 2701 356 2720 ²
384 2703 418 2732 ln
443 2710 540 2741 opere
564 2702 665 2730 “Gon
690 2700 719 2729 in
743 2700 799 2729 der
825 2697 1050 2729 (joschivhteff'

346 2762 357 2778 ἵ*
384 2761 418 2790 1η
445 2760 593 2791 Ariadne
618 2759 747 2798 passini.

347 2821 356 2839 ⁴
382 2819 457 2850 Vid.
484 2819 606 2858 proleg.
631 2819 669 2848 ad
696 2817 803 2857 lphigg.
827 2815 1009 2846 Tauricam.

350 2886 358 2897 ³
382 2880 416 2907 11.
445 2880 484 2908 Λ.
511 2878 678 2915 llnrtung,
707 2876 874 2914 Euripides
900 2874 1080 2905 restitutus,
1111 2872 1215 2903 {lamb
1254 2873 1333 2901 18:33
