1956 3346
973 186 1051 224 118

295 311 499 369 παρῳδῶν
532 310 717 365 respexit
750 308 812 349 vel
848 307 1082 361 respexisse
1117 304 1307 354 videtur,
1340 318 1413 357 pro
1437 317 1529 343 nica
1553 302 1719 343 divina-

298 389 412 431 tione
460 387 637 429 collecta
683 388 725 426 et
777 383 819 423 in
871 381 1061 422 ordinem
1107 380 1300 432 redacta,
1353 379 1450 420 huic
1496 378 1718 433 specimini

297 462 505 505 corollarii
538 461 627 501 viee
659 458 897 514 subjiciam.
931 457 1056 498 Nunc
1080 462 1248 497 tautum
1277 460 1483 509 superest,
1505 459 1552 496 nt
1569 454 1716 508 paucis

299 538 437 579 verbis
471 534 721 577 summatim
755 529 1109 587 comprehendam
1145 543 1251 585 quae
1288 528 1340 570 de
1371 529 1553 584 singulis
1576 529 1721 570 crimi-

300 612 449 664 nibus,
503 609 702 664 Euripidi
750 624 774 650 a
805 606 965 649 comico
1001 605 1204 660 objectis,
1241 605 1459 659 hucusque
1491 604 1721 646 arbitratus

300 701 407 728 sum.
472 685 584 726 Vere
617 683 928 738 Aristophanes
958 680 1125 723 censuit
1162 680 1414 734 Euripidem
1446 693 1494 720 ea
1526 679 1595 720 via
1625 693 1720 734 pro-

301 761 444 802 cedere
489 766 531 801 et
577 773 722 802 secum
766 757 932 800 trahere
961 756 1100 808 cives,
1133 769 1241 810 quae
1273 755 1446 796 duceret
1478 755 1531 796 ad
1562 755 1723 810 patriae

303 835 548 883 interitum;
600 848 736 889 neque
785 831 996 873 immerito
1045 828 1241 884 culpavit
1289 829 1525 882 novitates,
1571 829 1726 885 quibus

304 909 531 965 Euripides
549 923 593 949 se
611 908 796 963 tragicae
812 906 952 961 poesis
975 905 1245 960 splendorem
1265 919 1420 959 augere
1436 905 1726 951 existimabat;

301 999 472 1028 summo
503 998 599 1026 vero
623 984 719 1039 jure
744 977 1047 1025 condemnavit
1069 979 1158 1033 ejus
1184 980 1226 1020 in
1249 994 1375 1021 scena
1395 979 1726 1034 philosophandi

304 1067 346 1102 et
390 1060 544 1103 diffuse
588 1058 901 1101 sermocinandi
944 1056 1164 1108 studium,
1201 1070 1224 1096 a
1256 1056 1497 1111 tragoediae
1530 1055 1731 1097 instituto

305 1137 431 1191 plane
472 1135 682 1184 alienum;
716 1133 795 1174 hoc
831 1146 916 1174 uno
948 1131 1120 1173 nomine
1155 1130 1350 1185 iniquus,
1385 1130 1498 1185 quod
1530 1129 1574 1171 in
1611 1144 1731 1181 enm,

306 1210 369 1251 uti
418 1223 602 1264 magnus
633 1207 898 1249 Judaeorum
932 1205 1125 1247 sacerdos
1159 1205 1202 1245 in
1236 1205 1402 1246 hircum
1437 1204 1732 1255 emissarium,

307 1284 427 1340 qnasi
462 1285 594 1325 totius
637 1282 785 1338 populi
819 1281 990 1336 culpam
1023 1285 1294 1336 congereret,
1328 1295 1413 1322 non
1445 1281 1549 1322 satis
1580 1294 1734 1334 nempe

307 1361 549 1402 discernens
582 1358 683 1414 quid
718 1357 915 1412 Euripidi
939 1360 981 1397 et
1014 1355 1117 1411 quid
1146 1355 1367 1397 universae
1400 1355 1731 1398 Atheniensium

306 1434 427 1489 genti
457 1434 624 1489 ipsique
656 1431 837 1487 tempori
863 1436 978 1473 esset
1010 1430 1317 1484 imputandum
1337 1434 1362 1471 ¹.

368 1510 491 1561 Quod
526 1522 624 1570 vero
658 1521 810 1563 parum
844 1511 957 1548 recte
985 1506 1036 1546 de
1063 1519 1139 1546 suo
1166 1520 1267 1546 aevo
1290 1505 1424 1560 deque
1454 1520 1554 1547 suae
1574 1506 1735 1560 patriae

309 1585 553 1627 conditione
598 1582 813 1637 judicavit
857 1580 1072 1633 comicus,
1124 1585 1165 1621 et
1212 1581 1307 1637 παρ’
1338 1579 1485 1623 ἐλπίδα
1514 1581 1574 1622 ἐπ’
1603 1579 1736 1624 ἐλπίδι

309 1661 532 1705 πιστεύων,
568 1660 738 1699 servata
775 1662 943 1698 tenerae
982 1656 1134 1697 aetatis
1176 1655 1339 1709 optima
1369 1669 1557 1709 quaeque
1588 1670 1738 1710 exspe-

312 1733 456 1775 ctandi
487 1733 816 1785 consuetudine,
845 1747 893 1773 ea
915 1746 1021 1786 quae
1041 1731 1131 1772 fieri
1159 1730 1385 1785 nequirent
1406 1745 1450 1771 se
1471 1734 1738 1784 peracturum

312 1808 514 1861 credidit,
558 1821 634 1849 nec
682 1805 923 1861 desperavit
963 1805 1065 1860 quin
1106 1804 1304 1846 remediis
1343 1804 1540 1846 causticis
1574 1809 1741 1847 sanaret

316 1884 433 1924 illam
470 1884 600 1924 νόσου
631 1883 812 1938 ἀρχαίαν
843 1884 885 1923 ἐν
913 1884 964 1936 τῇ
991 1880 1112 1922 πόλει
1142 1882 1417 1927 ἐντετοκυῖαν,
1451 1885 1493 1921 et
1530 1887 1744 1921 revocaret

316 1964 507 2013 tempora
546 1957 775 2012 Aeschyli,
812 1955 1172 2012 quemadmodum
1212 1955 1255 1995 in
1290 1954 1422 1995 Ranis
1457 1954 1567 1995 hunc
1599 1954 1742 2008 ipsum

315 2034 509 2075 videmus
539 2048 559 2074 e
593 2033 718 2074 domo
754 2031 958 2074 Plutonia
987 2030 1123 2072 redire
1156 2033 1204 2071 ut
1240 2029 1520 2083 Euripideam
1550 2029 1696 2083 poesin
1723 2043 1744 2069 e

316 2110 488 2150 civitate
519 2114 759 2160 removeat,
790 2132 846 2137 —
878 2107 956 2162 hoc
998 2105 1194 2148 lubenter
1223 2105 1261 2146 ei
1294 2104 1608 2154 condonamus3
1640 2104 1743 2159 quin

317 2185 485 2226 felicem
533 2183 830 2238 praedicamus
881 2182 1099 2223 hominem
1149 2180 1345 2222 Atticum
1376 2180 1428 2220 ob
1467 2184 1554 2221 tam
1588 2179 1744 2221 laetam

319 2261 633 2315 ingenuamque
668 2258 895 2307 fiduciam3
919 2257 1035 2313 quali
1066 2256 1136 2312 qui
1166 2256 1350 2311 gaudet,
1377 2269 1455 2296 nae
1480 2255 1552 2297 ille
1573 2269 1744 2296 securus

318 2335 510 2376 ambulet
542 2349 668 2389 super
702 2335 794 2389 ipso
826 2334 984 2375 montis
1018 2332 1227 2388 ignivomi
1257 2335 1416 2373 cratere
1430 2331 1457 2373 2'.

365 2465 369 2481 ¹
395 2464 491 2494 “llun
527 2463 624 2494 selbst
658 2464 726 2503 gibt
763 2474 798 2495 er
829 2463 968 2496 Schuld,
993 2472 1057 2492 was
1087 2462 1117 2491 iu
1142 2461 1199 2491 der
1225 2460 1295 2491 Zeit
1321 2459 1653 2491 Geistcsverwandtes
1678 2467 1743 2487 nmr

316 2525 402 2554 liefs'
427 2523 548 2554 Bernh.
573 2523 616 2553 l.l.
641 2509 714 2563 pag.
739 2524 812 2554 396.

364 2585 402 2613 K.
428 2586 466 2612 ().
502 2583 637 2618 Mulier,
673 2582 730 2613 Gr.
761 2582 827 2614 Lit.
856 2582 963 2619 gesen.
990 2581 1040 2617 ΙΙ,
1067 2590 1140 2620 pag.
1165 2581 1247 2611 249:
1272 2578 1397 2609 “sicher
1423 2577 1477 2608 hat
1513 2575 1749 2615 Aristophanes

317 2642 408 2672 ‹larin
437 2641 593 2678 Unreclit,
617 2641 689 2671 dass
714 2651 749 2671 er
773 2641 846 2671 dem
872 2640 1045 2679 Euripides
1068 2639 1162 2669 cinon
1181 2634 1644 2678 persi'mliclieuVorwurfaus
1660 2636 1749 2665 einer

319 2701 483 2742 Richmng
517 2701 622 2732 macht
661 2700 782 2732 welche
812 2701 862 2730 die
892 2708 992 2739 gauzo
1018 2699 1088 2731 Zeit
1116 2698 1175 2728 mit
1199 2695 1524 2728 unwiderstehlicher
1549 2693 1675 2724 (lewalt
1700 2703 1748 2723 er-

319 2760 434 2797 ;,·¹1·i{scn
462 2760 583 2790 liutte.''

362 2821 373 2838 “-’
401 2820 568 2850 Praeclare
600 2818 822 2850 Bernhardius
859 2818 898 2849 l.l.
931 2826 1004 2857 pag.
1033 2818 1113 2846 (ἠως
1151 2816 1251 2846 “Mxm
1278 2824 1352 2853 mag
1377 2813 1477 2844 daher
1502 2812 1748 2851 eiu-<rhuldigen

319 2880 408 2909 ““«Ι;κ.·
431 2889 465 2910 «τ
489 2880 561 2912 dem
586 2879 693 2910 Wahn
717 2885 788 2909 tren
813 2877 911 2913 blict,
936 2877 982 2908 als
1007 2877 1046 2905 ob
1074 2876 1184 2906 Athen
1211 2875 1295 2904 hloss
1321 2872 1594 2911 voriihergehond
1618 2881 1659 2902 an
1683 2871 1746 2901 sn-
