1956 3346
853 611 1082 660 CAPUT
1119 612 1184 659 X.

304 759 360 786 DE
397 756 583 786 I‘AltODIA
619 756 818 786 LOCORUM
852 758 1187 787 EURIPIDEORUM
1229 760 1353 788 APUD
1383 760 1726 789 ARISTOPHANEM.

366 972 478 1014 Loca
524 987 576 1014 ex
627 973 931 1028 Aristophanis
980 973 1232 1026 comoediis,
1273 973 1383 1014 unde
1416 973 1518 1028 quid
1553 972 1733 1015 senserit

308 1048 358 1089 de
392 1047 598 1102 Euripide
631 1048 697 1089 vel
729 1052 906 1103 apparet
938 1048 1005 1089 vel
1037 1047 1352 1103 quodammodo
1384 1047 1529 1103 colligi
1563 1054 1730 1103 potest,

309 1137 422 1164 nunc
455 1122 598 1163 omnia
629 1122 715 1164 fere
738 1137 761 1163 a
785 1137 852 1164 me
874 1126 1206 1164 commemorata
1226 1127 1343 1177 puto.
1383 1122 1495 1163 Sunt
1518 1127 1733 1178 praeterea

308 1197 524 1252 permulta
570 1197 654 1238 alia
700 1198 773 1238 ubi
822 1197 875 1238 ad
924 1197 1178 1252 Euripideos
1225 1212 1370 1239 versus
1424 1197 1630 1239 alluditur
1660 1211 1734 1252 per

310 1272 540 1326 parodiam.
577 1272 677 1314 Jam
710 1287 808 1314 vero
840 1273 1077 1314 cavendum
1111 1278 1177 1314 est
1210 1288 1263 1314 ne
1296 1273 1340 1313 in
1373 1273 1547 1327 parodia
1569 1287 1735 1327 semper

311 1347 451 1389 inesse
486 1340 845 1403 vituperationem
878 1348 1200 1398 existimemus;
1236 1363 1313 1403 ego
1346 1362 1430 1389 non
1464 1349 1613 1390 dubito
1632 1348 1732 1403 quin

311 1437 363 1464 ex
396 1423 616 1477 Euripidis
651 1424 842 1465 versibus
867 1438 971 1479 quos
999 1423 1045 1464 in
1067 1423 1296 1465 ridiculum
1319 1423 1499 1465 detorsit
1518 1423 1704 1465 comicus
1724 1424 1734 1447 ¹

311 1498 471 1539 multos
505 1513 587 1538 non
611 1498 750 1554 magis
773 1499 949 1540 vitiosos
972 1498 1169 1540 habuerit
1192 1513 1319 1553 quam
1344 1498 1616 1539 Homericam
1633 1512 1666 1539 e.
1691 1512 1731 1552 g.

313 1572 601 1614 narrationem
648 1572 699 1614 de
732 1573 876 1615 Ulixis
922 1572 1025 1628 fuga
1065 1587 1117 1614 ex
1149 1578 1272 1614 antro
1305 1573 1582 1628 Polyphemi,
1615 1572 1735 1627 cujus

311 1648 449 1690 faceta
496 1647 681 1689 imitatio
728 1648 946 1690 invenitur
992 1648 1232 1703 Vesparum
1280 1663 1339 1690 vs.
1380 1650 1628 1698 179—1863
1663 1653 1738 1689 aut

314 1722 523 1765 Herodoti
556 1723 773 1764 Persicum
808 1723 970 1765 bellum
1003 1723 1259 1778 descripturi
1291 1723 1625 1779 praefationem,
1663 1723 1737 1764 ubi

313 1803 585 1840 recensentur
631 1814 782 1841 causae
831 1800 917 1841 odii
964 1800 1074 1841 inter
1120 1799 1336 1854 Europam
1388 1800 1622 1855 Asiamque
1653 1799 1736 1841 fer-

314 1873 478 1926 ventis,
519 1874 573 1915 ad
614 1889 742 1929 quam
784 1875 951 1916 effictus
995 1880 1060 1917 est
1095 1874 1300 1929 jocularis
1342 1875 1416 1916 ille.
1448 1875 1654 1929 apologus
1687 1875 1738 1916 de

314 1948 477 2002 origine
508 1948 611 1990 belli
645 1949 1022 2004 Peloponnesiaci,
1058 1950 1130 2005 qui
1164 1950 1322 2003 legitur
1354 1949 1537 1991 Acharn.
1563 1963 1622 1991 vs.
1653 1951 1736 1991 524

315 2037 404 2077 sqq.
430 2023 457 2064 ⁸2.
516 2023 629 2075 Quin
662 2024 875 2066 interdum
910 2024 953 2065 in
987 2025 1189 2066 honorem
1223 2025 1365 2079 potius
1399 2038 1525 2078 quam
1560 2023 1603 2064 in
1637 2037 1739 2065 con-

315 2098 536 2139 tumeliam
584 2099 831 2153 accipienda
875 2104 939 2140 est
986 2099 1172 2154 parodia.
1237 2099 1360 2140 Certe
1398 2099 1582 2153 tragicus
1615 2112 1738 2153 aegre

315 2173 421 2214 ferre
469 2188 552 2215 non
600 2174 765 2228 potuit,
814 2173 927 2229 quod
974 2174 1311 2228 Aristophanes,
1346 2174 1418 2215 ubi
1452 2172 1601 2214 multis
1628 2173 1737 2227 jocis

316 2248 471 2290 solutis
520 2248 628 2290 seria
661 2249 832 2301 miscet,
875 2249 929 2290 ad
960 2263 1107 2303 pacem
1142 2248 1402 2290 suadendam
1437 2249 1638 2302 (Lysistr.
1676 2263 1735 2290 vs.

321 2325 628 2379 lim—1135)
677 2330 866 2366 uteretur
910 2324 1047 2366 verbis
1083 2339 1131 2366 ex
1169 2325 1388 2379 Euripidis
1422 2324 1665 2379 Melanippe
1697 2331 1739 2364 et..

320 2399 558 2440 Erechtheo
590 2399 811 2441 desumtis.

379 2475 478 2529 Ipsa
523 2481 663 2515 autem
717 2475 889 2529 pai-odia
936 2480 1036 2530 apta
1082 2482 1147 2517 est.
1193 2475 1244 2516 ad
1290 2475 1423 2516 risum
1463 2474 1732 2516 movendum.

365 2615 371 2633 ¹
401 2616 551 2656 Exempli
586 2616 655 2648 loco
690 2617 870 2647 nominasse
900 2617 1039 2648 sufficiat
1069 2617 1239 2658 pulchrum
1269 2616 1347 2646 illud
1378 2614 1546 2646 Phaedrae
1569 2614 1740 2648 canticum,

322 2675 387 2704 veri
421 2675 589 2715 tenerique
624 2676 756 2707 affectus
791 2676 938 2716 plenum,
973 2677 1056 2716 quon]
1084 2677 1227 2707 imitatur
1257 2675 1288 2705 in
1313 2674 1434 2714 Vespis
1456 2682 1555 2704 senex
1578 2673 1698 2703 delirus
1721 2683 1740 2703 a

314 2733 522 2771 judicialibus
545 2735 704 2766 subselliis
727 2735 870 2766 seclusus

361 2791 374 2811 ²
399 2793 478 2823 Alia
504 2793 563 2824 loci
589 2794 762 2825 Herodotei
788 2797 919 2834 pai-odia
941 2793 1081 2824 occurrit
1106 2794 1135 2823 in
1162 2793 1305 2828 Avibus,
1330 2792 1383 2822 ubi
1413 2792 1443 2822 in
1467 2791 1649 2822 enarranda
1671 2792 1738 2822 Nu-

321 2852 522 2883 bilicuculiae
546 2858 707 2884 structura
731 2853 899 2894 respicitur
924 2860 1001 2884 nota
1025 2853 1196 2893 descriptio
1221 2861 1386 2882 murorum
1403 2851 1738 2891 Babyloniorumse·

320 2912 401 2942 lerta
426 2913 583 2942 mensuris
606 2914 644 2943 ad
667 2913 819 2944 ammaim
844 2913 995 2944 definitis.
