1956 3346
917 205 965 243 41

554 325 720 374 Ft'duefle
753 326 904 379 σμίλης
933 328 1110 376 ὁλκούς,

554 399 729 452 κήρυκας
759 398 865 447 ἐμῶν
894 395 1084 453 μόχθων·
1116 397 1245 450 οἶμαι.

552 470 661 507 τουτὶ
692 467 737 507 τὸ
766 465 827 521 ῥῶ
857 466 1091 522 μοχθηρόν·

552 537 695 591 χώρει,
728 540 863 592 χώρει·
893 534 1020 578 ποίαν
1050 536 1228 580 αὔλακας

551 603 734 660 β(ἳσιςετ“,
765 607 938 660 ἐπείγετε
970 607 1108 654 πάσας
1139 606 1226 648 καθ’
1257 606 1404 655 ὁὲυύς.

553 677 682 730 κείνῃ,
712 676 848 730 ταύτῃ·
879 677 1039 730 ταχέως
1072 677 1168 731 χρή-

292 775 433 818 Attuli
475 775 616 817 locum
662 775 898 830 longiorem
933 776 1006 818 sed
1037 776 1162 819 valde
1191 777 1423 831 festivum,
1458 786 1501 821 et
1530 795 1578 822 ex
1611 796 1654 821 sc

233 851 324 905 ipso
359 850 676 906 explicandum.
741 850 915 893 Scilicet
949 851 1228 905 Palamedes,
1264 853 1306 894 in
1341 853 1487 896 fabula
1526 856 1652 898 Euri-

230 926 354 981 pidea
385 925 438 968 ab
471 925 562 980 ejus
595 926 768 968 nomine
804 926 939 980 dicta,
974 927 1026 968 de
1056 941 1156 969 nece
1185 942 1312 982 quam
1344 927 1426 969 sibi
1461 936 1651 984 paratam

229 999 345 1042 videt
379 1005 429 1042 ut.
461 1008 628 1056 patrem
662 1000 901 1056 Nauplium
932 1002 1152 1044 certiorem
1186 1002 1340 1056 faciat,
1377 1002 1500 1046 Oeaci
1532 1005 1651 1047 fratri

228 1075 426 1128 mandat,
471 1081 520 1117 ut
552 1075 697 1117 literas
733 1076 898 1118 tristem
931 1082 1133 1119 eventum
1162 1077 1417 1119 nunciantes
1448 1078 1651 1121 inscribat

227 1150 355 1192 remis
401 1164 556 1206 eosque
603 1150 647 1192 in
679 1165 794 1193 mare
835 1151 1029 1207 dejiciat,
1060 1153 1132 1207 qui
1162 1151 1365 1194 fluctibus
1398 1152 1452 1194 ad
1487 1159 1651 1209 patrem

227 1225 470 1268 deferantur
494 1227 518 1267 ¹.
573 1225 667 1267 Hoc
700 1230 843 1268 autem
869 1226 1091 1269 inventum
1114 1227 1292 1269 ridicule
1314 1227 1510 1270 imitatur
1528 1229 1651 1272 Mne-

227 1299 425 1343 silochus‘
449 1308 498 1343 ut
527 1300 580 1342 ad
615 1301 868 1357 Euripidem
902 1302 1123 1358 perveniat
1152 1303 1219 1345 sui
1247 1303 1427 1358 periculi
1453 1305 1649 1348 nuncius.

288 1376 519 1431 Postquam
556 1391 653 1418 vero
680 1375 769 1434 τῇδ’
799 1380 874 1420 οὐκ
903 1379 1082 1421 ἔσπασεν
1110 1379 1142 1432 ⁶²,
1177 1394 1309 1434 quum
1342 1394 1426 1421 non
1449 1389 1650 1436 appareat

227 1450 477 1506 Euripides,
520 1451 813 1494 Mnesilochus
857 1453 1081 1508 suspicans
1124 1453 1217 1496 ideo
1261 1469 1358 1496 eum
1392 1469 1476 1497 non
1507 1458 1651 1499 venire

225 1526 337 1581 quod
379 1526 655 1569 Palamedem
699 1529 868 1585 ψυχρὸν
899 1529 984 1571 ὄντ’
1013 1532 1272 1586 αἰσχύνεται,
1317 1535 1457 1572 tentat
1503 1531 1647 1583 aliud,

225 1607 267 1642 et
311 1601 521 1643 Helenam
565 1606 723 1656 καινήν,
765 1607 977 1645 recentem
1021 1618 1122 1659 ergo
1165 1603 1356 1647 fabulam
1379 1608 1409 1658 ³,
1452 1614 1573 1648 vocat
1607 1607 1649 1648 in

225 1689 352 1718 usum
381 1683 429 1718 ut
459 1676 710 1732 Euripidem
746 1676 930 1724 alliciam
964 1678 1056 1733 ipse
1095 1678 1306 1722 Helenam
1338 1694 1470 1735 agens
1504 1681 1648 1736 plures

223 1766 275 1793 ex
318 1765 368 1793 ea
413 1752 632 1806 tragoedia
678 1752 828 1794 recitat
876 1766 1022 1795 versus
1045 1757 1082 1806 ⁴,
1130 1767 1267 1810 neque
1315 1754 1494 1809 frustra,
1548 1772 1648 1799 mox

223 1825 338 1868 enim
370 1825 598 1881 Euripides
627 1826 773 1882 prodit
805 1831 950 1868 sumta
987 1826 1174 1870 Menelai
1204 1842 1405 1883 persona,
1439 1836 1483 1872 et
1499 1832 1648 1887 agnita

222 1915 352 1943 uxore
396 1900 438 1941 in
483 1915 531 1942 eo
571 1907 635 1943 est
676 1906 725 1943 ut
768 1900 889 1942 illam
935 1901 1144 1956 abducat,
1200 1917 1332 1958 quum
1375 1905 1646 1948 accedentem

222 1976 340 2019 videt,
368 1990 464 2018 cum
498 1975 648 2032 τοξότῃ
683 1976 939 2030 Prytanem:
973 1991 1074 2033 crgo
1107 1991 1151 2019 se
1186 1977 1391 2033 proripit,
1428 1980 1646 2035 pollicitus

265 2123 275 2144 ¹
321 2125 427 2156 Miror
455 2124 663 2164 Wagnerum
687 2122 719 2153 in
743 2123 880 2164 Fragm.
906 2124 1057 2165 Euripid.
1081 2125 1220 2156 editione
1243 2127 1282 2157 ad
1308 2126 1423 2167 fragm.
1450 2129 1512 2162 587
1537 2130 1645 2168 &Palu-

219 2184 321 2216 medis
354 2183 458 2222 V111)
493 2183 678 2214 adnotasse:
700 2186 832 2214 “utrum
855 2189 965 2215 autem
989 2184 1181 2215 Palamedes
1205 2185 1298 2217 fratri
1323 2186 1401 2218 haec
1426 2194 1550 2220 tantum
1575 2199 1645 2220 sua-

219 2243 298 2274 serit
331 2253 371 2274 an
406 2252 522 2274 revera
546 2242 637 2274 Oeax
662 2242 693 2272 in
718 2243 885 2284 tragoedia
910 2243 1042 2281 fecerit,
1066 2244 1209 2275 dubitari
1240 2252 1353 2285 potest.
1379 2246 1478 2279 Certe
1501 2258 1544 2279 ex
1567 2250 1644 2280 Ari-

218 2303 324 2343 stoph.
348 2303 483 2334 Thesin.
508 2312 555 2332 vs.
570 2302 635 2336 768
648 2302 728 2333 nihil
740 2303 982 2343 consequitur.''
998 2321 1035 2326 —
1049 2304 1143 2334 Itane
1168 2307 1263 2336 vcro?
1276 2306 1383 2337 Immo
1396 2306 1477 2338 mihi
1494 2308 1644 2340 videntur

219 2363 322 2394 lucide
357 2363 526 2394 ostendere
563 2362 795 2403 Aristophanis
830 2362 948 2398 verba,
982 2362 1090 2394 Oeaca
1123 2371 1330 2404 conspectum
1366 2365 1462 2397 fuisse
1497 2367 1528 2398 in
1551 2377 1645 2399 scena

219 2421 342 2452 tristem
366 2421 520 2452 nuncium
545 2422 641 2452 remis
665 2422 920 2463 insculpentcm,
950 2429 981 2454 et
1006 2423 1140 2454 tidenter
1162 2426 1321 2456 contendo
1344 2426 1538 2458 Mnesilochi
1557 2428 1643 2460 illam

217 2480 426 2513 cantilenam:
453 2482 477 2512 ὠ
502 2484 604 2522 χεῖρες
629 2500 662 2504 -
691 2483 828 2524 μόχθων
857 2483 897 2513 ad
928 2483 1029 2523 ipsius
1054 2483 1167 2516 Oeacis
1191 2485 1288 2517 verba
1312 2495 1382 2518 esse
1405 2486 1644 2523 adumbratum,

218 2548 251 2572 et
283 2541 432 2582 inprimis
467 2541 548 2572 illud
581 2540 718 2580 βάσκετ’
751 2548 824 2577 etc..
858 2551 957 2582 quum
993 2541 1025 2572 hi
1059 2552 1174 2574 versus
1205 2544 1386 2585 Euripideo
1416 2546 1523 2578 colore
1550 2547 1641 2578 tincti

218 2601 295 2633 sint.
310 2619 345 2623 —
362 2601 530 2633 Nauckius
554 2610 681 2642 quoquo
704 2602 744 2632 de
769 2612 814 2633 vs,
836 2602 901 2635 778
922 2602 1010 2634 -780
1023 2603 1166 2644 scripsit:
1191 2608 1360 2636 “extrema
1386 2606 1484 2637 verbu
1510 2607 1642 2638 tortasse

217 2670 259 2691 cx
282 2661 351 2700 ipso
375 2661 531 2702 Euripide
556 2661 694 2701 repetita
717 2661 826 2693 sunt.''

265 2718 279 2738 ²
322 2720 426 2760 Vesp.
452 2730 497 2752 vs.
526 2720 596 2757 175,
619 2720 820 2761 Thesmoph.
846 2731 880 2752 vs
916 2723 989 2753 928.

262 2777 275 2796 ³
319 2777 427 2810 Schol.
461 2778 501 2809 ad
536 2789 582 2809 vs.
620 2779 697 2810 1021
735 2779 833 2810 tradit
867 2789 938 2811 cam
972 2790 1086 2812 scenae
1122 2791 1192 2812 esse
1221 2783 1424 2813 commissam
1449 2783 1544 2815 simul
1567 2795 1640 2817 eum

222 2837 446 2874 Andromeda,
470 2848 551 2878 quac
576 2848 660 2869 nuno
683 2845 756 2870 ante
779 2839 1136 2880 Thesmophoriazusas
1160 2849 1205 2871 est
1232 2847 1317 2875 actm
1345 2842 1394 2872 vd.
1422 2853 1467 2875 vs.
1496 2844 1579 2875 1060

263 2894 274 2914 ⁴
321 2896 381 2928 Vs.
404 2898 469 2928 855
492 2908 558 2938 sqq.
