<?xml version="1.0" encoding="UTF-8"?>
<!DOCTYPE html PUBLIC "-//W3C//DTD XHTML 1.0 Transitional//EN"
    "http://www.w3.org/TR/xhtml1/DTD/xhtml1-transitional.dtd">
<html xmlns="http://www.w3.org/1999/xhtml" xml:lang="en" lang="en">
 <head>
  <title>
</title>
<meta http-equiv="Content-Type" content="text/html;charset=utf-8" />
  <meta name='ocr-system' content='tesseract 3.04.00' />
  <meta name='ocr-capabilities' content='ocr_page ocr_carea ocr_par ocr_line ocrx_word'/>
</head>
<body>
  <div class='ocr_page' id='page_1' title='image "./dearistophaneeur00leeuuoft_0133.png"; bbox 0 0 1956 3346; ppageno 0'>
   <div class='ocr_carea' id='block_1_1' title="bbox 954 216 1023 255">
    <p class='ocr_par' dir='ltr' id='par_1_1' title="bbox 954 216 1023 255">
     <span class='ocr_line' id='line_1_1' title="bbox 954 216 1023 255; baseline 0.029 -2"><span class='ocrx_word' id='word_1_1' title='bbox 954 216 1023 255; x_wconf 70' lang='lat'>121</span> 
     </span>
    </p>
   </div>
   <div class='ocr_carea' id='block_1_2' title="bbox 274 334 1721 2570">
    <p class='ocr_par' dir='ltr' id='par_1_2' title="bbox 274 334 1703 843">
     <span class='ocr_line' id='line_1_2' title="bbox 332 334 1699 390; baseline -0.001 -13"><span class='ocrx_word' id='word_1_2' title='bbox 332 335 396 377; x_wconf 88' lang='lat' dir='ltr'>Ne</span> <span class='ocrx_word' id='word_1_3' title='bbox 445 339 586 377; x_wconf 86' lang='lat' dir='ltr'>tamen</span> <span class='ocrx_word' id='word_1_4' title='bbox 620 334 671 376; x_wconf 88' lang='lat' dir='ltr'>de</span> <span class='ocrx_word' id='word_1_5' title='bbox 704 335 973 390; x_wconf 81' lang='lat' dir='ltr'>argumenti,</span> <span class='ocrx_word' id='word_1_6' title='bbox 1016 334 1129 390; x_wconf 83' lang='lat' dir='ltr'>quod</span> <span class='ocrx_word' id='word_1_7' title='bbox 1164 335 1205 376; x_wconf 88' lang='lat' dir='ltr'>in</span> <span class='ocrx_word' id='word_1_8' title='bbox 1237 334 1316 377; x_wconf 88' lang='lat' dir='ltr'>hoc</span> <span class='ocrx_word' id='word_1_9' title='bbox 1349 335 1582 390; x_wconf 78' lang='lat' dir='ltr'>specimine</span> <span class='ocrx_word' id='word_1_10' title='bbox 1616 345 1699 377; x_wconf 83' lang='lat' dir='ltr'>tra-</span> 
     </span>
     <span class='ocr_line' id='line_1_3' title="bbox 274 410 1701 466; baseline -0.001 -14"><span class='ocrx_word' id='word_1_11' title='bbox 274 410 410 463; x_wconf 83' lang='lat' dir='ltr'>ctavi,</span> <span class='ocrx_word' id='word_1_12' title='bbox 446 410 622 451; x_wconf 80' lang='lat' dir='ltr'>historia</span> <span class='ocrx_word' id='word_1_13' title='bbox 654 410 841 452; x_wconf 86' lang='lat' dir='ltr'>literaria</span> <span class='ocrx_word' id='word_1_14' title='bbox 872 410 1049 452; x_wconf 86' lang='lat' dir='ltr'>omnino</span> <span class='ocrx_word' id='word_1_15' title='bbox 1083 418 1269 461; x_wconf 80' lang='lat' dir='ltr'>taceam,</span> <span class='ocrx_word' id='word_1_16' title='bbox 1306 425 1438 466; x_wconf 85' lang='lat' dir='ltr'>pauca</span> <span class='ocrx_word' id='word_1_17' title='bbox 1471 411 1552 452; x_wconf 87' lang='lat' dir='ltr'>huc</span> <span class='ocrx_word' id='word_1_18' title='bbox 1570 411 1701 465; x_wconf 86' lang='lat' dir='ltr'>perti-</span> 
     </span>
     <span class='ocr_line' id='line_1_4' title="bbox 276 484 1701 540; baseline 0.001 -14"><span class='ocrx_word' id='word_1_19' title='bbox 276 485 423 527; x_wconf 85' lang='lat' dir='ltr'>nentia</span> <span class='ocrx_word' id='word_1_20' title='bbox 453 485 609 528; x_wconf 83' lang='lat' dir='ltr'>cursim</span> <span class='ocrx_word' id='word_1_21' title='bbox 643 493 686 527; x_wconf 88' lang='lat' dir='ltr'>et</span> <span class='ocrx_word' id='word_1_22' title='bbox 718 485 850 527; x_wconf 86' lang='lat' dir='ltr'>veluti</span> <span class='ocrx_word' id='word_1_23' title='bbox 884 485 1021 526; x_wconf 89' lang='lat' dir='ltr'>obiter</span> <span class='ocrx_word' id='word_1_24' title='bbox 1053 484 1339 539; x_wconf 80' lang='lat' dir='ltr'>subjungam,</span> <span class='ocrx_word' id='word_1_25' title='bbox 1373 500 1479 540; x_wconf 74' lang='lat' dir='ltr'>(piae</span> <span class='ocrx_word' id='word_1_26' title='bbox 1512 486 1546 527; x_wconf 85' lang='lat' dir='ltr'>si</span> <span class='ocrx_word' id='word_1_27' title='bbox 1575 486 1701 527; x_wconf 87' lang='lat' dir='ltr'>bene-</span> 
     </span>
     <span class='ocr_line' id='line_1_5' title="bbox 276 560 1702 616; baseline 0.001 -15"><span class='ocrx_word' id='word_1_28' title='bbox 276 560 398 602; x_wconf 92' lang='lat' dir='ltr'>volus</span> <span class='ocrx_word' id='word_1_29' title='bbox 446 561 576 603; x_wconf 82' lang='lat' dir='ltr'>lector</span> <span class='ocrx_word' id='word_1_30' title='bbox 619 577 643 603; x_wconf 80' lang='lat' dir='ltr'>a</span> <span class='ocrx_word' id='word_1_31' title='bbox 681 561 909 604; x_wconf 83' lang='lat' dir='ltr'>sterilitate</span> <span class='ocrx_word' id='word_1_32' title='bbox 944 575 1094 616; x_wconf 88' lang='lat' dir='ltr'>parum</span> <span class='ocrx_word' id='word_1_33' title='bbox 1135 560 1282 602; x_wconf 79' lang='lat' dir='ltr'>abesse</span> <span class='ocrx_word' id='word_1_34' title='bbox 1325 561 1575 611; x_wconf 71' lang='lat' dir='ltr'>arbitretur,</span> <span class='ocrx_word' id='word_1_35' title='bbox 1625 578 1702 613; x_wconf 62' lang='lat' dir='ltr'>ego</span> 
     </span>
     <span class='ocr_line' id='line_1_6' title="bbox 276 636 1703 693; baseline 0.001 -15"><span class='ocrx_word' id='word_1_36' title='bbox 276 636 456 691; x_wconf 88' lang='lat' dir='ltr'>pedibus</span> <span class='ocrx_word' id='word_1_37' title='bbox 489 653 537 679; x_wconf 86' lang='lat' dir='ltr'>eo</span> <span class='ocrx_word' id='word_1_38' title='bbox 571 637 613 679; x_wconf 89' lang='lat' dir='ltr'>in</span> <span class='ocrx_word' id='word_1_39' title='bbox 633 638 739 693; x_wconf 36' lang='lat' dir='ltr'>‘eJus</span> <span class='ocrx_word' id='word_1_40' title='bbox 772 637 1056 686; x_wconf 75' lang='lat' dir='ltr'>sententiam3</span> <span class='ocrx_word' id='word_1_41' title='bbox 1088 651 1217 691; x_wconf 81' lang='lat' dir='ltr'>quare</span> <span class='ocrx_word' id='word_1_42' title='bbox 1242 643 1283 678; x_wconf 86' lang='lat' dir='ltr'>ct</span> <span class='ocrx_word' id='word_1_43' title='bbox 1310 637 1417 691; x_wconf 89' lang='lat' dir='ltr'>ipse,</span> <span class='ocrx_word' id='word_1_44' title='bbox 1445 637 1540 678; x_wconf 85' lang='lat' dir='ltr'>huic</span> <span class='ocrx_word' id='word_1_45' title='bbox 1567 638 1703 693; x_wconf 80' lang='lat' dir='ltr'>operis</span> 
     </span>
     <span class='ocr_line' id='line_1_7' title="bbox 278 711 1703 767; baseline 0.001 -15"><span class='ocrx_word' id='word_1_46' title='bbox 278 711 361 753; x_wconf 94' lang='lat' dir='ltr'>mei</span> <span class='ocrx_word' id='word_1_47' title='bbox 394 712 505 767; x_wconf 86' lang='lat' dir='ltr'>parti</span> <span class='ocrx_word' id='word_1_48' title='bbox 529 713 824 763; x_wconf 82' lang='lat' dir='ltr'>subirascens,</span> <span class='ocrx_word' id='word_1_49' title='bbox 859 711 1024 753; x_wconf 88' lang='lat' dir='ltr'>numeri</span> <span class='ocrx_word' id='word_1_50' title='bbox 1060 712 1260 767; x_wconf 77' lang='lat' dir='ltr'>titulique</span> <span class='ocrx_word' id='word_1_51' title='bbox 1288 712 1489 754; x_wconf 83' lang='lat' dir='ltr'>honorem</span> <span class='ocrx_word' id='word_1_52' title='bbox 1523 713 1557 754; x_wconf 83' lang='lat' dir='ltr'>ei</span> <span class='ocrx_word' id='word_1_53' title='bbox 1595 714 1703 754; x_wconf 84' lang='lat' dir='ltr'>invi·</span> 
     </span>
     <span class='ocr_line' id='line_1_8' title="bbox 278 786 1456 843; baseline 0.002 -16"><span class='ocrx_word' id='word_1_54' title='bbox 278 786 411 828; x_wconf 78' lang='lat' dir='ltr'>dei-im</span> <span class='ocrx_word' id='word_1_55' title='bbox 447 787 784 843; x_wconf 76' lang='lat' dir='ltr'>simpliciterque</span> <span class='ocrx_word' id='word_1_56' title='bbox 815 786 1067 841; x_wconf 79' lang='lat' dir='ltr'>appellarim</span> <span class='ocrx_word' id='word_1_57' title='bbox 1101 793 1230 842; x_wconf 89' lang='lat' dir='ltr'>caput</span> <span class='ocrx_word' id='word_1_58' title='bbox 1261 788 1456 830; x_wconf 73' lang='lat' dir='ltr'>ultimum.</span> 
     </span>
    </p>

    <p class='ocr_par' dir='ltr' id='par_1_3' title="bbox 281 861 1721 2570">
     <span class='ocr_line' id='line_1_9' title="bbox 338 861 1705 918; baseline 0 -15"><span class='ocrx_word' id='word_1_59' title='bbox 338 863 398 903; x_wconf 86' lang='lat' dir='ltr'>At</span> <span class='ocrx_word' id='word_1_60' title='bbox 430 861 659 903; x_wconf 87' lang='lat' dir='ltr'>nonnullos</span> <span class='ocrx_word' id='word_1_61' title='bbox 692 869 803 904; x_wconf 83' lang='lat' dir='ltr'>certe</span> <span class='ocrx_word' id='word_1_62' title='bbox 834 876 1164 904; x_wconf 83' lang='lat' dir='ltr'>commemorare</span> <span class='ocrx_word' id='word_1_63' title='bbox 1197 862 1316 904; x_wconf 83' lang='lat' dir='ltr'>lubet</span> <span class='ocrx_word' id='word_1_64' title='bbox 1344 863 1454 904; x_wconf 84' lang='lat' dir='ltr'>viros</span> <span class='ocrx_word' id='word_1_65' title='bbox 1481 863 1705 918; x_wconf 74' lang='lat' dir='ltr'>primarios</span> 
     </span>
     <span class='ocr_line' id='line_1_10' title="bbox 282 935 1706 992; baseline 0.001 -14"><span class='ocrx_word' id='word_1_66' title='bbox 282 938 324 977; x_wconf 92' lang='lat' dir='ltr'>in</span> <span class='ocrx_word' id='word_1_67' title='bbox 358 937 574 978; x_wconf 86' lang='lat' dir='ltr'>literarum</span> <span class='ocrx_word' id='word_1_68' title='bbox 625 935 840 991; x_wconf 79' lang='lat' dir='ltr'>republica</span> <span class='ocrx_word' id='word_1_69' title='bbox 871 937 942 991; x_wconf 89' lang='lat' dir='ltr'>qui</span> <span class='ocrx_word' id='word_1_70' title='bbox 976 936 1027 977; x_wconf 90' lang='lat' dir='ltr'>dc</span> <span class='ocrx_word' id='word_1_71' title='bbox 1061 936 1138 977; x_wconf 83' lang='lat' dir='ltr'>hae</span> <span class='ocrx_word' id='word_1_72' title='bbox 1171 951 1213 978; x_wconf 88' lang='lat' dir='ltr'>ro</span> <span class='ocrx_word' id='word_1_73' title='bbox 1245 937 1519 992; x_wconf 86' lang='lat' dir='ltr'>scripserunt.</span> <span class='ocrx_word' id='word_1_74' title='bbox 1590 939 1706 980; x_wconf 89' lang='lat' dir='ltr'>Inter</span> 
     </span>
     <span class='ocr_line' id='line_1_11' title="bbox 281 1010 1707 1066; baseline 0.001 -14"><span class='ocrx_word' id='word_1_75' title='bbox 281 1011 604 1066; x_wconf 87' lang='lat' dir='ltr'>antiquissimos</span> <span class='ocrx_word' id='word_1_76' title='bbox 645 1021 743 1065; x_wconf 88' lang='lat' dir='ltr'>post</span> <span class='ocrx_word' id='word_1_77' title='bbox 775 1018 944 1052; x_wconf 84' lang='lat' dir='ltr'>renatas</span> <span class='ocrx_word' id='word_1_78' title='bbox 977 1010 1122 1052; x_wconf 77' lang='lat' dir='ltr'>literas</span> <span class='ocrx_word' id='word_1_79' title='bbox 1155 1015 1220 1052; x_wconf 83' lang='lat' dir='ltr'>est</span> <span class='ocrx_word' id='word_1_80' title='bbox 1251 1010 1496 1053; x_wconf 81' lang='lat' dir='ltr'>referendus</span> <span class='ocrx_word' id='word_1_81' title='bbox 1536 1013 1707 1054; x_wconf 84' lang='lat' dir='ltr'>Beroal-</span> 
     </span>
     <span class='ocr_line' id='line_1_12' title="bbox 282 1084 1706 1144; baseline 0.002 -17"><span class='ocrx_word' id='word_1_82' title='bbox 282 1087 386 1138; x_wconf 93' lang='lat' dir='ltr'>dus,</span> <span class='ocrx_word' id='word_1_83' title='bbox 419 1085 648 1127; x_wconf 88' lang='lat' dir='ltr'>acerrimus</span> <span class='ocrx_word' id='word_1_84' title='bbox 683 1085 754 1127; x_wconf 87' lang='lat' dir='ltr'>ille</span> <span class='ocrx_word' id='word_1_85' title='bbox 787 1084 1008 1139; x_wconf 87' lang='lat' dir='ltr'>Euripidis</span> <span class='ocrx_word' id='word_1_86' title='bbox 1041 1086 1322 1139; x_wconf 87' lang='lat' dir='ltr'>obtrectator,</span> <span class='ocrx_word' id='word_1_87' title='bbox 1356 1087 1557 1129; x_wconf 85' lang='lat' dir='ltr'>adversus</span> <span class='ocrx_word' id='word_1_88' title='bbox 1582 1103 1706 1144; x_wconf 91' lang='lat' dir='ltr'>quem</span> 
     </span>
     <span class='ocr_line' id='line_1_13' title="bbox 284 1159 1709 1216; baseline 0.003 -14"><span class='ocrx_word' id='word_1_89' title='bbox 284 1160 435 1216; x_wconf 81' lang='lat' dir='ltr'>tragici</span> <span class='ocrx_word' id='word_1_90' title='bbox 468 1173 639 1201; x_wconf 89' lang='lat' dir='ltr'>causam</span> <span class='ocrx_word' id='word_1_91' title='bbox 673 1159 810 1201; x_wconf 88' lang='lat' dir='ltr'>tuitus</span> <span class='ocrx_word' id='word_1_92' title='bbox 843 1168 909 1201; x_wconf 86' lang='lat' dir='ltr'>est</span> <span class='ocrx_word' id='word_1_93' title='bbox 942 1159 1126 1202; x_wconf 83' lang='lat' dir='ltr'>Sabinus</span> <span class='ocrx_word' id='word_1_94' title='bbox 1150 1162 1174 1201; x_wconf 92' lang='lat'>¹.</span> <span class='ocrx_word' id='word_1_95' title='bbox 1221 1161 1376 1203; x_wconf 87' lang='lat' dir='ltr'>Postea</span> <span class='ocrx_word' id='word_1_96' title='bbox 1408 1163 1448 1204; x_wconf 90' lang='lat' dir='ltr'>in</span> <span class='ocrx_word' id='word_1_97' title='bbox 1483 1178 1531 1205; x_wconf 91' lang='lat' dir='ltr'>eo</span> <span class='ocrx_word' id='word_1_98' title='bbox 1563 1164 1709 1206; x_wconf 85' lang='lat' dir='ltr'>defen-</span> 
     </span>
     <span class='ocr_line' id='line_1_14' title="bbox 284 1233 1710 1290; baseline 0.004 -14"><span class='ocrx_word' id='word_1_99' title='bbox 284 1235 423 1277; x_wconf 90' lang='lat' dir='ltr'>dendo</span> <span class='ocrx_word' id='word_1_100' title='bbox 469 1239 597 1290; x_wconf 86' lang='lat' dir='ltr'>atque</span> <span class='ocrx_word' id='word_1_101' title='bbox 629 1233 843 1276; x_wconf 87' lang='lat' dir='ltr'>laudando</span> <span class='ocrx_word' id='word_1_102' title='bbox 876 1248 1000 1275; x_wconf 87' lang='lat' dir='ltr'>nemo</span> <span class='ocrx_word' id='word_1_103' title='bbox 1039 1248 1084 1276; x_wconf 86' lang='lat' dir='ltr'>se</span> <span class='ocrx_word' id='word_1_104' title='bbox 1115 1235 1333 1289; x_wconf 86' lang='lat' dir='ltr'>praestitit</span> <span class='ocrx_word' id='word_1_105' title='bbox 1366 1242 1452 1279; x_wconf 88' lang='lat' dir='ltr'>tam</span> <span class='ocrx_word' id='word_1_106' title='bbox 1487 1243 1710 1281; x_wconf 86' lang='lat' dir='ltr'>strenuum</span> 
     </span>
     <span class='ocr_line' id='line_1_15' title="bbox 285 1309 1711 1366; baseline 0.003 -14"><span class='ocrx_word' id='word_1_107' title='bbox 285 1324 414 1366; x_wconf 87' lang='lat' dir='ltr'>quam</span> <span class='ocrx_word' id='word_1_108' title='bbox 463 1309 753 1362; x_wconf 72' lang='lat' dir='ltr'>Barnesius2‚</span> <span class='ocrx_word' id='word_1_109' title='bbox 800 1311 873 1365; x_wconf 91' lang='lat' dir='ltr'>qui</span> <span class='ocrx_word' id='word_1_110' title='bbox 917 1310 952 1352; x_wconf 88' lang='lat' dir='ltr'>si</span> <span class='ocrx_word' id='word_1_111' title='bbox 994 1310 1155 1365; x_wconf 86' lang='lat' dir='ltr'>ingenii</span> <span class='ocrx_word' id='word_1_112' title='bbox 1197 1312 1392 1354; x_wconf 86' lang='lat' dir='ltr'>acumine</span> <span class='ocrx_word' id='word_1_113' title='bbox 1439 1327 1521 1355; x_wconf 91' lang='lat' dir='ltr'>non</span> <span class='ocrx_word' id='word_1_114' title='bbox 1568 1314 1711 1356; x_wconf 89' lang='lat' dir='ltr'>minus</span> 
     </span>
     <span class='ocr_line' id='line_1_16' title="bbox 286 1385 1712 1444; baseline 0.003 -18"><span class='ocrx_word' id='word_1_115' title='bbox 286 1385 513 1440; x_wconf 86' lang='lat' dir='ltr'>polluisset</span> <span class='ocrx_word' id='word_1_116' title='bbox 541 1400 668 1441; x_wconf 81' lang='lat' dir='ltr'>quani</span> <span class='ocrx_word' id='word_1_117' title='bbox 702 1391 822 1428; x_wconf 87' lang='lat' dir='ltr'>vasta</span> <span class='ocrx_word' id='word_1_118' title='bbox 853 1386 927 1428; x_wconf 84' lang='lat' dir='ltr'>sed</span> <span class='ocrx_word' id='word_1_119' title='bbox 960 1386 1175 1441; x_wconf 84' lang='lat' dir='ltr'>indigesta</span> <span class='ocrx_word' id='word_1_120' title='bbox 1206 1387 1404 1441; x_wconf 84' lang='lat' dir='ltr'>scientia,</span> <span class='ocrx_word' id='word_1_121' title='bbox 1439 1389 1588 1444; x_wconf 85' lang='lat' dir='ltr'>majori</span> <span class='ocrx_word' id='word_1_122' title='bbox 1616 1390 1712 1432; x_wconf 91' lang='lat' dir='ltr'>usui</span> 
     </span>
     <span class='ocr_line' id='line_1_17' title="bbox 287 1461 1713 1517; baseline 0.004 -15"><span class='ocrx_word' id='word_1_123' title='bbox 287 1467 400 1503; x_wconf 87' lang='lat' dir='ltr'>esset</span> <span class='ocrx_word' id='word_1_124' title='bbox 431 1461 521 1516; x_wconf 88' lang='lat' dir='ltr'>ejus</span> <span class='ocrx_word' id='word_1_125' title='bbox 554 1461 797 1503; x_wconf 77' lang='lat' dir='ltr'>dramatum</span> <span class='ocrx_word' id='word_1_126' title='bbox 832 1461 1160 1517; x_wconf 88' lang='lat' dir='ltr'>Euripideorum</span> <span class='ocrx_word' id='word_1_127' title='bbox 1192 1463 1335 1504; x_wconf 87' lang='lat' dir='ltr'>editio.</span> <span class='ocrx_word' id='word_1_128' title='bbox 1373 1464 1455 1506; x_wconf 90' lang='lat' dir='ltr'>Hic</span> <span class='ocrx_word' id='word_1_129' title='bbox 1488 1465 1596 1506; x_wconf 89' lang='lat' dir='ltr'>nihil</span> <span class='ocrx_word' id='word_1_130' title='bbox 1628 1480 1713 1507; x_wconf 91' lang='lat' dir='ltr'>non</span> 
     </span>
     <span class='ocr_line' id='line_1_18' title="bbox 288 1536 1713 1595; baseline 0.004 -18"><span class='ocrx_word' id='word_1_131' title='bbox 288 1537 332 1578; x_wconf 91' lang='lat' dir='ltr'>in</span> <span class='ocrx_word' id='word_1_132' title='bbox 366 1536 572 1592; x_wconf 87' lang='lat' dir='ltr'>Euripide</span> <span class='ocrx_word' id='word_1_133' title='bbox 605 1536 863 1590; x_wconf 84' lang='lat' dir='ltr'>admiratur,</span> <span class='ocrx_word' id='word_1_134' title='bbox 892 1536 999 1578; x_wconf 89' lang='lat' dir='ltr'>nihil</span> <span class='ocrx_word' id='word_1_135' title='bbox 1018 1551 1101 1578; x_wconf 91' lang='lat' dir='ltr'>non</span> <span class='ocrx_word' id='word_1_136' title='bbox 1131 1536 1238 1579; x_wconf 86' lang='lat' dir='ltr'>false</span> <span class='ocrx_word' id='word_1_137' title='bbox 1265 1542 1306 1579; x_wconf 89' lang='lat' dir='ltr'>et</span> <span class='ocrx_word' id='word_1_138' title='bbox 1332 1539 1523 1595; x_wconf 85' lang='lat' dir='ltr'>maligne</span> <span class='ocrx_word' id='word_1_139' title='bbox 1550 1540 1593 1581; x_wconf 91' lang='lat' dir='ltr'>in</span> <span class='ocrx_word' id='word_1_140' title='bbox 1616 1555 1713 1583; x_wconf 90' lang='lat' dir='ltr'>eum</span> 
     </span>
     <span class='ocr_line' id='line_1_19' title="bbox 287 1611 1716 1672; baseline 0.003 -18"><span class='ocrx_word' id='word_1_141' title='bbox 287 1627 313 1654; x_wconf 88' lang='lat' dir='ltr'>a</span> <span class='ocrx_word' id='word_1_142' title='bbox 354 1611 516 1654; x_wconf 89' lang='lat' dir='ltr'>comico</span> <span class='ocrx_word' id='word_1_143' title='bbox 548 1611 712 1654; x_wconf 89' lang='lat' dir='ltr'>dictum</span> <span class='ocrx_word' id='word_1_144' title='bbox 755 1616 924 1666; x_wconf 86' lang='lat' dir='ltr'>censet,</span> <span class='ocrx_word' id='word_1_145' title='bbox 962 1612 1227 1668; x_wconf 84' lang='lat' dir='ltr'>argumentis</span> <span class='ocrx_word' id='word_1_146' title='bbox 1260 1628 1386 1669; x_wconf 85' lang='lat' dir='ltr'>saepe</span> <span class='ocrx_word' id='word_1_147' title='bbox 1417 1630 1469 1656; x_wconf 84' lang='lat' dir='ltr'>ex</span> <span class='ocrx_word' id='word_1_148' title='bbox 1503 1616 1716 1672; x_wconf 84' lang='lat' dir='ltr'>theologia</span> 
     </span>
     <span class='ocr_line' id='line_1_20' title="bbox 288 1686 1715 1741; baseline 0.004 -13"><span class='ocrx_word' id='word_1_149' title='bbox 288 1686 524 1728; x_wconf 85' lang='lat' dir='ltr'>christiana</span> <span class='ocrx_word' id='word_1_150' title='bbox 565 1686 740 1741; x_wconf 85' lang='lat' dir='ltr'>petitis,</span> <span class='ocrx_word' id='word_1_151' title='bbox 776 1691 825 1728; x_wconf 90' lang='lat' dir='ltr'>ut</span> <span class='ocrx_word' id='word_1_152' title='bbox 871 1686 1053 1728; x_wconf 88' lang='lat' dir='ltr'>subinde</span> <span class='ocrx_word' id='word_1_153' title='bbox 1084 1686 1200 1729; x_wconf 90' lang='lat' dir='ltr'>dicas</span> <span class='ocrx_word' id='word_1_154' title='bbox 1232 1701 1326 1729; x_wconf 89' lang='lat' dir='ltr'>eum</span> <span class='ocrx_word' id='word_1_155' title='bbox 1363 1702 1447 1730; x_wconf 91' lang='lat' dir='ltr'>non</span> <span class='ocrx_word' id='word_1_156' title='bbox 1479 1689 1530 1732; x_wconf 88' lang='lat' dir='ltr'>de</span> <span class='ocrx_word' id='word_1_157' title='bbox 1560 1691 1715 1733; x_wconf 80' lang='lat' dir='ltr'>veteris</span> 
     </span>
     <span class='ocr_line' id='line_1_21' title="bbox 290 1761 1715 1820; baseline 0.004 -18"><span class='ocrx_word' id='word_1_158' title='bbox 290 1766 441 1816; x_wconf 86' lang='lat' dir='ltr'>poetae</span> <span class='ocrx_word' id='word_1_159' title='bbox 472 1761 670 1816; x_wconf 87' lang='lat' dir='ltr'>operibus</span> <span class='ocrx_word' id='word_1_160' title='bbox 703 1761 778 1803; x_wconf 87' lang='lat' dir='ltr'>sed</span> <span class='ocrx_word' id='word_1_161' title='bbox 810 1762 862 1803; x_wconf 90' lang='lat' dir='ltr'>de</span> <span class='ocrx_word' id='word_1_162' title='bbox 893 1762 1083 1818; x_wconf 85' lang='lat' dir='ltr'>aequalis</span> <span class='ocrx_word' id='word_1_163' title='bbox 1113 1763 1335 1818; x_wconf 88' lang='lat' dir='ltr'>cujusdam</span> <span class='ocrx_word' id='word_1_164' title='bbox 1373 1765 1508 1820; x_wconf 86' lang='lat' dir='ltr'>Angli</span> <span class='ocrx_word' id='word_1_165' title='bbox 1528 1765 1715 1808; x_wconf 85' lang='lat' dir='ltr'>homiliis</span> 
     </span>
     <span class='ocr_line' id='line_1_22' title="bbox 292 1835 1720 1893; baseline 0.004 -16"><span class='ocrx_word' id='word_1_166' title='bbox 292 1851 428 1892; x_wconf 80' lang='lat' dir='ltr'>agere.</span> <span class='ocrx_word' id='word_1_167' title='bbox 474 1835 602 1878; x_wconf 89' lang='lat' dir='ltr'>Hunc</span> <span class='ocrx_word' id='word_1_168' title='bbox 635 1836 707 1892; x_wconf 91' lang='lat' dir='ltr'>qui</span> <span class='ocrx_word' id='word_1_169' title='bbox 740 1836 866 1891; x_wconf 78' lang='lat' dir='ltr'>longe</span> <span class='ocrx_word' id='word_1_170' title='bbox 898 1838 1115 1892; x_wconf 88' lang='lat' dir='ltr'>superavit</span> <span class='ocrx_word' id='word_1_171' title='bbox 1146 1838 1474 1893; x_wconf 86' lang='lat' dir='ltr'>Valckenarius,</span> <span class='ocrx_word' id='word_1_172' title='bbox 1509 1840 1573 1882; x_wconf 89' lang='lat' dir='ltr'>vir</span> <span class='ocrx_word' id='word_1_173' title='bbox 1604 1841 1720 1883; x_wconf 84' lang='lat' dir='ltr'>fama</span> 
     </span>
     <span class='ocr_line' id='line_1_23' title="bbox 293 1910 1718 1971; baseline 0.004 -18"><span class='ocrx_word' id='word_1_174' title='bbox 293 1917 336 1953; x_wconf 89' lang='lat' dir='ltr'>et</span> <span class='ocrx_word' id='word_1_175' title='bbox 368 1910 606 1953; x_wconf 87' lang='lat' dir='ltr'>eruditione</span> <span class='ocrx_word' id='word_1_176' title='bbox 638 1912 799 1953; x_wconf 89' lang='lat' dir='ltr'>nemini</span> <span class='ocrx_word' id='word_1_177' title='bbox 831 1912 1068 1966; x_wconf 86' lang='lat' dir='ltr'>secundus,</span> <span class='ocrx_word' id='word_1_178' title='bbox 1102 1927 1235 1968; x_wconf 89' lang='lat' dir='ltr'>quum</span> <span class='ocrx_word' id='word_1_179' title='bbox 1264 1914 1478 1970; x_wconf 89' lang='lat' dir='ltr'>plerisque</span> <span class='ocrx_word' id='word_1_180' title='bbox 1508 1915 1551 1956; x_wconf 92' lang='lat' dir='ltr'>in</span> <span class='ocrx_word' id='word_1_181' title='bbox 1585 1917 1718 1971; x_wconf 88' lang='lat' dir='ltr'>parti-</span> 
     </span>
     <span class='ocr_line' id='line_1_24' title="bbox 294 1987 1719 2042; baseline 0.003 -13"><span class='ocrx_word' id='word_1_182' title='bbox 294 1988 374 2029; x_wconf 90' lang='lat' dir='ltr'>bus</span> <span class='ocrx_word' id='word_1_183' title='bbox 420 2001 517 2029; x_wconf 90' lang='lat' dir='ltr'>eum</span> <span class='ocrx_word' id='word_1_184' title='bbox 550 1987 826 2042; x_wconf 86' lang='lat' dir='ltr'>impugnaret</span> <span class='ocrx_word' id='word_1_185' title='bbox 856 1992 899 2029; x_wconf 88' lang='lat' dir='ltr'>et</span> <span class='ocrx_word' id='word_1_186' title='bbox 929 1987 1163 2041; x_wconf 88' lang='lat' dir='ltr'>refelleret,</span> <span class='ocrx_word' id='word_1_187' title='bbox 1199 1989 1241 2030; x_wconf 88' lang='lat' dir='ltr'>id</span> <span class='ocrx_word' id='word_1_188' title='bbox 1278 2003 1411 2030; x_wconf 90' lang='lat' dir='ltr'>unum</span> <span class='ocrx_word' id='word_1_189' title='bbox 1446 1997 1587 2032; x_wconf 82' lang='lat' dir='ltr'>tamen</span> <span class='ocrx_word' id='word_1_190' title='bbox 1621 2006 1719 2033; x_wconf 89' lang='lat' dir='ltr'>cum</span> 
     </span>
     <span class='ocr_line' id='line_1_25' title="bbox 295 2061 1719 2120; baseline 0.004 -18"><span class='ocrx_word' id='word_1_191' title='bbox 295 2061 440 2117; x_wconf 87' lang='lat' dir='ltr'>Anglo</span> <span class='ocrx_word' id='word_1_192' title='bbox 483 2075 709 2103; x_wconf 91' lang='lat' dir='ltr'>commune</span> <span class='ocrx_word' id='word_1_193' title='bbox 740 2061 892 2103; x_wconf 85' lang='lat' dir='ltr'>habuit</span> <span class='ocrx_word' id='word_1_194' title='bbox 922 2062 1035 2118; x_wconf 87' lang='lat' dir='ltr'>quod</span> <span class='ocrx_word' id='word_1_195' title='bbox 1069 2062 1319 2119; x_wconf 88' lang='lat' dir='ltr'>Euripidem</span> <span class='ocrx_word' id='word_1_196' title='bbox 1351 2065 1559 2120; x_wconf 86' lang='lat' dir='ltr'>singulari</span> <span class='ocrx_word' id='word_1_197' title='bbox 1591 2081 1719 2109; x_wconf 86' lang='lat' dir='ltr'>vene-</span> 
     </span>
     <span class='ocr_line' id='line_1_26' title="bbox 295 2135 1720 2194; baseline 0.004 -17"><span class='ocrx_word' id='word_1_198' title='bbox 295 2136 460 2178; x_wconf 87' lang='lat' dir='ltr'>ratione</span> <span class='ocrx_word' id='word_1_199' title='bbox 505 2135 661 2178; x_wconf 81' lang='lat' dir='ltr'>coleret</span> <span class='ocrx_word' id='word_1_200' title='bbox 702 2142 745 2178; x_wconf 92' lang='lat' dir='ltr'>et</span> <span class='ocrx_word' id='word_1_201' title='bbox 786 2137 1077 2180; x_wconf 82' lang='lat' dir='ltr'>“christianae</span> <span class='ocrx_word' id='word_1_202' title='bbox 1106 2139 1304 2194; x_wconf 87' lang='lat' dir='ltr'>religioni</span> <span class='ocrx_word' id='word_1_203' title='bbox 1337 2139 1536 2183; x_wconf 89' lang='lat' dir='ltr'>affinem&#39;&#39;</span> <span class='ocrx_word' id='word_1_204' title='bbox 1570 2142 1720 2183; x_wconf 80' lang='lat' dir='ltr'>existi-</span> 
     </span>
     <span class='ocr_line' id='line_1_27' title="bbox 298 2211 1719 2270; baseline 0.005 -18"><span class='ocrx_word' id='word_1_205' title='bbox 298 2216 455 2264; x_wconf 84' lang='lat' dir='ltr'>maret,</span> <span class='ocrx_word' id='word_1_206' title='bbox 480 2211 783 2266; x_wconf 84' lang='lat' dir='ltr'>Aristophanis</span> <span class='ocrx_word' id='word_1_207' title='bbox 807 2217 951 2254; x_wconf 86' lang='lat' dir='ltr'>autem</span> <span class='ocrx_word' id='word_1_208' title='bbox 967 2213 1142 2269; x_wconf 78' lang='lat' dir='ltr'>judicio‘</span> <span class='ocrx_word' id='word_1_209' title='bbox 1153 2215 1224 2255; x_wconf 83' lang='lat' dir='ltr'>vix</span> <span class='ocrx_word' id='word_1_210' title='bbox 1249 2215 1476 2270; x_wconf 89' lang='lat' dir='ltr'>quicquam</span> <span class='ocrx_word' id='word_1_211' title='bbox 1495 2215 1719 2269; x_wconf 83' lang='lat' dir='ltr'>tribueret,</span> 
     </span>
     <span class='ocr_line' id='line_1_28' title="bbox 298 2287 1719 2347; baseline 0.004 -19"><span class='ocrx_word' id='word_1_212' title='bbox 298 2302 323 2329; x_wconf 87' lang='lat' dir='ltr'>a</span> <span class='ocrx_word' id='word_1_213' title='bbox 369 2301 453 2342; x_wconf 93' lang='lat' dir='ltr'>quo</span> <span class='ocrx_word' id='word_1_214' title='bbox 487 2287 561 2342; x_wconf 89' lang='lat' dir='ltr'>qui</span> <span class='ocrx_word' id='word_1_215' title='bbox 601 2287 817 2343; x_wconf 86' lang='lat' dir='ltr'>“turpiter</span> <span class='ocrx_word' id='word_1_216' title='bbox 861 2289 903 2329; x_wconf 90' lang='lat' dir='ltr'>in</span> <span class='ocrx_word' id='word_1_217' title='bbox 946 2303 1072 2331; x_wconf 87' lang='lat' dir='ltr'>scena</span> <span class='ocrx_word' id='word_1_218' title='bbox 1115 2289 1366 2344; x_wconf 89' lang='lat' dir='ltr'>violaretur,</span> <span class='ocrx_word' id='word_1_219' title='bbox 1413 2291 1639 2347; x_wconf 87' lang='lat' dir='ltr'>Euripides</span> <span class='ocrx_word' id='word_1_220' title='bbox 1684 2294 1719 2335; x_wconf 85' lang='lat' dir='ltr'>si</span> 
     </span>
     <span class='ocr_line' id='line_1_29' title="bbox 299 2362 1718 2421; baseline 0.004 -17"><span class='ocrx_word' id='word_1_221' title='bbox 299 2362 394 2418; x_wconf 90' lang='lat' dir='ltr'>quis</span> <span class='ocrx_word' id='word_1_222' title='bbox 427 2363 536 2404; x_wconf 91' lang='lat' dir='ltr'>alius</span> <span class='ocrx_word' id='word_1_223' title='bbox 568 2369 733 2417; x_wconf 85' lang='lat' dir='ltr'>praeter</span> <span class='ocrx_word' id='word_1_224' title='bbox 752 2363 967 2406; x_wconf 84' lang='lat' dir='ltr'>Socratem</span> <span class='ocrx_word' id='word_1_225' title='bbox 983 2396 994 2417; x_wconf 86' lang='lat'>,</span> <span class='ocrx_word' id='word_1_226' title='bbox 1018 2364 1375 2421; x_wconf 80' lang='lat' dir='ltr'>indignissimus&#39;&#39;</span> <span class='ocrx_word' id='word_1_227' title='bbox 1395 2367 1432 2408; x_wconf 89' lang='lat' dir='ltr'>ei</span> <span class='ocrx_word' id='word_1_228' title='bbox 1456 2368 1678 2410; x_wconf 86' lang='lat' dir='ltr'>videbatur</span> <span class='ocrx_word' id='word_1_229' title='bbox 1692 2377 1718 2410; x_wconf 84' lang='lat'>³.</span> 
     </span>
     <span class='ocr_line' id='line_1_30' title="bbox 301 2437 1721 2499; baseline 0.006 -21"><span class='ocrx_word' id='word_1_230' title='bbox 301 2437 506 2493; x_wconf 86' lang='lat' dir='ltr'>Prologos</span> <span class='ocrx_word' id='word_1_231' title='bbox 548 2443 690 2479; x_wconf 87' lang='lat' dir='ltr'>tamen</span> <span class='ocrx_word' id='word_1_232' title='bbox 735 2439 989 2494; x_wconf 89' lang='lat' dir='ltr'>Euripideos</span> <span class='ocrx_word' id='word_1_233' title='bbox 1032 2440 1074 2480; x_wconf 92' lang='lat' dir='ltr'>in</span> <span class='ocrx_word' id='word_1_234' title='bbox 1120 2441 1405 2496; x_wconf 86' lang='lat' dir='ltr'>patrocinium</span> <span class='ocrx_word' id='word_1_235' title='bbox 1444 2457 1527 2484; x_wconf 90' lang='lat' dir='ltr'>non</span> <span class='ocrx_word' id='word_1_236' title='bbox 1564 2446 1721 2499; x_wconf 81' lang='lat' dir='ltr'>recepit</span> 
     </span>
     <span class='ocr_line' id='line_1_31' title="bbox 300 2513 1329 2570; baseline 0.004 -16"><span class='ocrx_word' id='word_1_237' title='bbox 300 2518 344 2554; x_wconf 88' lang='lat' dir='ltr'>et</span> <span class='ocrx_word' id='word_1_238' title='bbox 374 2513 597 2568; x_wconf 76' lang='lat' dir='ltr'>Sophoclis</span> <span class='ocrx_word' id='word_1_239' title='bbox 630 2513 813 2555; x_wconf 79' lang='lat' dir='ltr'>exordiis</span> <span class='ocrx_word' id='word_1_240' title='bbox 846 2514 1034 2556; x_wconf 91' lang='lat' dir='ltr'>multum</span> <span class='ocrx_word' id='word_1_241' title='bbox 1067 2515 1329 2570; x_wconf 88' lang='lat' dir='ltr'>posthabuit.</span> 
     </span>
    </p>
   </div>
   <div class='ocr_carea' id='block_1_3' title="bbox 300 2611 1723 2833">
    <p class='ocr_par' dir='ltr' id='par_1_4' title="bbox 300 2611 1723 2775">
     <span class='ocr_line' id='line_1_32' title="bbox 301 2611 1720 2656; baseline 0.006 -15"><span class='ocrx_word' id='word_1_242' title='bbox 301 2611 413 2649; x_wconf 80' lang='lat' dir='ltr'>‘&#39;velit,</span> <span class='ocrx_word' id='word_1_243' title='bbox 434 2620 508 2642; x_wconf 84' lang='lat' dir='ltr'>sero</span> <span class='ocrx_word' id='word_1_244' title='bbox 530 2611 571 2642; x_wconf 83' lang='lat' dir='ltr'>ad</span> <span class='ocrx_word' id='word_1_245' title='bbox 594 2612 736 2652; x_wconf 79' lang='lat' dir='ltr'>ipsarum</span> <span class='ocrx_word' id='word_1_246' title='bbox 761 2613 1004 2654; x_wconf 71' lang='lat' dir='ltr'>tragoediarum</span> <span class='ocrx_word' id='word_1_247' title='bbox 1028 2614 1200 2647; x_wconf 81' lang='lat' dir='ltr'>lectionem</span> <span class='ocrx_word' id='word_1_248' title='bbox 1224 2617 1406 2656; x_wconf 82' lang='lat' dir='ltr'>perveniet,</span> <span class='ocrx_word' id='word_1_249' title='bbox 1429 2618 1595 2649; x_wconf 81' lang='lat' dir='ltr'>dissimilis</span> <span class='ocrx_word' id='word_1_250' title='bbox 1618 2619 1720 2650; x_wconf 75' lang='lat' dir='ltr'>Athe-</span> 
     </span>
     <span class='ocr_line' id='line_1_33' title="bbox 301 2671 1723 2719; baseline 0.006 -18"><span class='ocrx_word' id='word_1_251' title='bbox 301 2671 489 2702; x_wconf 78' lang='lat' dir='ltr'>“niensibus</span> <span class='ocrx_word' id='word_1_252' title='bbox 522 2672 702 2708; x_wconf 80' lang='lat' dir='ltr'>veteribus,</span> <span class='ocrx_word' id='word_1_253' title='bbox 733 2672 786 2713; x_wconf 90' lang='lat' dir='ltr'>qui</span> <span class='ocrx_word' id='word_1_254' title='bbox 811 2673 908 2704; x_wconf 89' lang='lat' dir='ltr'>nullis</span> <span class='ocrx_word' id='word_1_255' title='bbox 931 2673 1117 2714; x_wconf 84' lang='lat' dir='ltr'>hujusmodi</span> <span class='ocrx_word' id='word_1_256' title='bbox 1141 2674 1305 2706; x_wconf 80' lang='lat' dir='ltr'>laboribus</span> <span class='ocrx_word' id='word_1_257' title='bbox 1327 2676 1499 2707; x_wconf 73' lang='lat' dir='ltr'>exantlatis</span> <span class='ocrx_word' id='word_1_258' title='bbox 1523 2678 1723 2719; x_wconf 73' lang='lat' dir='ltr'>tragicorum</span> 
     </span>
     <span class='ocr_line' id='line_1_34' title="bbox 300 2722 1568 2775; baseline 0.006 -15"><span class='ocrx_word' id='word_1_259' title='bbox 300 2722 506 2761; x_wconf 50' lang='lat' dir='ltr'>⁴⁴Yabulaffin</span> <span class='ocrx_word' id='word_1_260' title='bbox 530 2730 658 2762; x_wconf 77' lang='lat' dir='ltr'>theatro</span> <span class='ocrx_word' id='word_1_261' title='bbox 681 2740 746 2762; x_wconf 90' lang='lat' dir='ltr'>non</span> <span class='ocrx_word' id='word_1_262' title='bbox 769 2731 874 2762; x_wconf 79' lang='lat' dir='ltr'>solum</span> <span class='ocrx_word' id='word_1_263' title='bbox 898 2732 1088 2772; x_wconf 76' lang='lat' dir='ltr'>spectabant</span> <span class='ocrx_word' id='word_1_264' title='bbox 1110 2733 1166 2764; x_wconf 84' lang='lat' dir='ltr'>sed</span> <span class='ocrx_word' id='word_1_265' title='bbox 1189 2734 1290 2765; x_wconf 77' lang='lat' dir='ltr'>etiam</span> <span class='ocrx_word' id='word_1_266' title='bbox 1313 2734 1568 2775; x_wconf 76' lang='lat' dir='ltr'>intelligebant.&#39;&#39;</span> 
     </span>
    </p>

    <p class='ocr_par' dir='ltr' id='par_1_5' title="bbox 348 2788 1276 2833">
     <span class='ocr_line' id='line_1_35' title="bbox 348 2788 1276 2833; baseline 0.003 -14"><span class='ocrx_word' id='word_1_267' title='bbox 348 2788 355 2808; x_wconf 88' lang='lat'><strong>¹</strong></span> <span class='ocrx_word' id='word_1_268' title='bbox 381 2789 497 2820; x_wconf 79' lang='lat' dir='ltr'>anc.</span> <span class='ocrx_word' id='word_1_269' title='bbox 522 2789 609 2821; x_wconf 84' lang='lat' dir='ltr'>Flor.</span> <span class='ocrx_word' id='word_1_270' title='bbox 633 2789 745 2821; x_wconf 79' lang='lat' dir='ltr'>Sabini</span> <span class='ocrx_word' id='word_1_271' title='bbox 771 2791 862 2823; x_wconf 82' lang='lat' dir='ltr'>Lect.</span> <span class='ocrx_word' id='word_1_272' title='bbox 886 2791 1037 2823; x_wconf 77' lang='lat' dir='ltr'>subcisiv.</span> <span class='ocrx_word' id='word_1_273' title='bbox 1062 2792 1109 2826; x_wconf 84' lang='lat'>11.</span> <span class='ocrx_word' id='word_1_274' title='bbox 1131 2802 1200 2833; x_wconf 78' lang='lat' dir='ltr'>cap.</span> <span class='ocrx_word' id='word_1_275' title='bbox 1230 2794 1276 2824; x_wconf 84' lang='grc'>13.</span> 
     </span>
    </p>
   </div>
   <div class='ocr_carea' id='block_1_4' title="bbox 347 2847 1454 2947">
    <p class='ocr_par' dir='ltr' id='par_1_6' title="bbox 347 2847 1454 2947">
     <span class='ocr_line' id='line_1_36' title="bbox 347 2847 1454 2891; baseline 0.007 -14"><span class='ocrx_word' id='word_1_276' title='bbox 347 2847 360 2868; x_wconf 75' lang='lat'>²</span> <span class='ocrx_word' id='word_1_277' title='bbox 383 2847 547 2888; x_wconf 84' lang='lat' dir='ltr'>Euripidis</span> <span class='ocrx_word' id='word_1_278' title='bbox 571 2859 652 2889; x_wconf 83' lang='lat' dir='ltr'>quae</span> <span class='ocrx_word' id='word_1_279' title='bbox 675 2856 789 2881; x_wconf 75' lang='lat' dir='ltr'>extant</span> <span class='ocrx_word' id='word_1_280' title='bbox 813 2857 884 2887; x_wconf 62' lang='lat' dir='ltr'>etc„</span> <span class='ocrx_word' id='word_1_281' title='bbox 907 2860 1004 2891; x_wconf 79' lang='lat' dir='ltr'>opera</span> <span class='ocrx_word' id='word_1_282' title='bbox 1031 2851 1054 2881; x_wconf 94' lang='lat' dir='ltr'>l.</span> <span class='ocrx_word' id='word_1_283' title='bbox 1082 2852 1218 2889; x_wconf 67' lang='lat' dir='ltr'>names,</span> <span class='ocrx_word' id='word_1_284' title='bbox 1243 2852 1337 2884; x_wconf 74' lang='lat' dir='ltr'>Cant.</span> <span class='ocrx_word' id='word_1_285' title='bbox 1367 2854 1454 2885; x_wconf 71' lang='grc'>1694.</span> 
     </span>
     <span class='ocr_line' id='line_1_37' title="bbox 347 2905 700 2947; baseline 0.006 -10"><span class='ocrx_word' id='word_1_286' title='bbox 347 2905 360 2925; x_wconf 83' lang='lat'>³</span> <span class='ocrx_word' id='word_1_287' title='bbox 385 2906 491 2939; x_wconf 77' lang='lat' dir='ltr'>Diatr.</span> <span class='ocrx_word' id='word_1_288' title='bbox 514 2916 585 2947; x_wconf 73' lang='lat' dir='ltr'>pag.</span> <span class='ocrx_word' id='word_1_289' title='bbox 611 2909 651 2938; x_wconf 71' lang='lat'>46</span> <span class='ocrx_word' id='word_1_290' title='bbox 663 2908 700 2941; x_wconf 85' lang='lat' dir='ltr'>C.</span> 
     </span>
    </p>
   </div>
  </div>
 </body>
</html>
