1925 3377
865 210 886 221 a.

871 232 878 248 Ι

166 351 293 393 quam
332 350 502 378 noscere
539 348 622 376 non
658 333 838 388 putabat
871 346 1022 387 operae
1054 331 1265 386 pretium,
1293 330 1477 385 pessime
1498 346 1589 385 'wr-

167 425 290 462 osus‚
350 414 498 451 contra
555 407 828 464 antiquitatis
885 421 1034 449 amans
1095 412 1138 447 ct
1184 405 1374 447 fervidus
1421 413 1590 460 patrum

166 485 413 531 admirator,
460 484 681 526 diffidebat
724 482 1028 528 novatoribus,
1073 487 1112 523 et
1150 495 1297 522 omncs
1332 482 1591 521 mutationes

170 560 316 602 invitis
359 560 594 615 aspiciebat
626 559 786 610 oculis,
820 573 951 614 quum
986 567 1099 598 certa
1135 565 1176 598 ct
1209 572 1287 598 usu
1320 557 1513 612 cognita,
1547 565 1593 596 ut.

168 650 192 675 a
240 634 472 689 majoribus
533 634 691 684 tradita
734 640 877 685 crant,
928 647 1002 688 pro
1047 647 1120 686 spe
1168 631 1355 686 ancipite
1403 630 1593 672 desei-eru

169 710 286 751 nefas
324 710 498 751 liaberet
514 743 523 759 ,
561 724 635 751 uec
668 717 755 750 tam
779 713 951 750 sanctae
976 707 1254 749 haereditatis
1277 707 1343 748 vel
1368 706 1592 748 minimam

169 785 421 841 particulam
458 785 635 827 tolerare
665 790 810 839 posset
842 798 866 824 a
900 797 1115 838 quoquam
1146 781 1227 822 sibi
1252 781 1384 835 cripi:
1410 806 1465 810 —
1489 780 1596 821 alter

170 861 410 916 praeseutia
451 859 777 912 contemnebat,
826 864 869 900 et
914 873 1044 899 novas
1091 858 1180 898 vias
1225 857 1472 912 ingressus,
1519 870 1597 910 ope

170 936 417 979 dialecticae
453 941 496 976 et
527 934 759 976 rhetoricae
792 934 919 985 artis,
955 948 1082 988 quani
1107 933 1160 974 ad
1185 947 1374 987 unguem
1391 930 1594 980 callebat,

169 1012 220 1054 de
246 1010 424 1066 receptis
451 1009 726 1065 opinionibus
756 1014 798 1051 et
827 1009 1038 1050 institutis
1073 1023 1170 1050 eum
1200 1007 1431 1063 diligenter
1455 1006 1596 1060 inqui-

169 1101 257 1129 rere
297 1092 389 1128 tum
428 1086 645 1128 subtiliter
675 1086 895 1140 disputare
929 1084 1123 1134 amabat3
1156 1090 1198 1125 et
1235 1082 1438 1139 quiequid
1473 1081 1513 1122 in
1547 1081 1598 1121 iis

170 1161 352 1204 obsoleti
402 1167 478 1203 aut
518 1175 669 1216 parum
717 1160 936 1215 probabile
982 1159 1238 1207 offenderet,
1286 1157 1405 1199 nulla
1449 1156 1600 1211 religio

172 1242 261 1279 erat
295 1237 474 1292 abjicere
508 1242 713 1291 tanquam
749 1236 904 1277 scorias
940 1249 963 1275 a
999 1233 1176 1276 metallo
1208 1233 1432 1274 detractas.

233 1312 346 1355 Satis
380 1311 550 1353 ostendi
582 1326 708 1366 quam
743 1311 915 1366 penitus
946 1309 1177 1350 dissimilia
1200 1308 1362 1350 fuerint
1381 1306 1601 1362 Euripidis

173 1386 563 1442 Aristophanisque
609 1386 793 1441 ingenia.
864 1385 1011 1427 Unum
1054 1392 1198 1426 tamen
1245 1382 1491 1424 addendum
1537 1389 1602 1422 est

176 1468 224 1504 ut
265 1462 395 1518 probe
437 1461 683 1517 capiamus,
730 1475 804 1502 cur
847 1474 931 1502 non
968 1465 1148 1515 possent
1184 1459 1374 1500 diversas
1410 1456 1500 1498 vias
1535 1470 1597 1497 se-

174 1537 342 1594 quendo
384 1537 475 1578 sine
521 1537 624 1578 rixis
662 1536 815 1591 degere
847 1535 1005 1589 vitam,
1042 1534 1115 1576 secl
1146 1533 1268 1575 fatali
1302 1532 1487 1588 quadam
1530 1546 1602 1572 ne-

174 1612 374 1655 cessitate
422 1611 529 1653 alter
574 1612 616 1653 iu
658 1611 839 1653 alterum
894 1610 1062 1651 incitari
1113 1609 1295 1651 deberet.
1363 1607 1499 1649 Fuere
1531 1607 1601 1662 qui

176 1688 333 1729 mirum
365 1687 476 1743 ,quid
509 1687 589 1728 sibi
625 1686 870 1727 viderentur
902 1684 1091 1726 conferre
1124 1684 1174 1725 ad
1209 1690 1320 1724 recte
1354 1682 1603 1736 intelligen-

176 1763 280 1806 dum
310 1763 456 1805 odium
488 1776 572 1818 quo
607 1761 857 1816 Euripidem
890 1766 1142 1815 prosecutus
1172 1766 1238 1802 est
1268 1758 1602 1814 Aristophanes,

179 1840 251 1881 ubi
289 1838 527 1893 allegarent
572 1836 723 1878 tritum
766 1834 1026 1877 versiculum
1063 1833 1330 1876 Hesiodeum
1370 1833 1423 1874 de
1454 1830 1606 1874 ἀοιδῶν

179 1913 321 1969 φθόνῳ
347 1914 372 1954 ¹.
420 1912 508 1954 Nos
542 1912 584 1952 in
621 1917 709 1953 tam
741 1911 971 1966 nugatoria
1005 1909 1292 1965 explicatione
1322 1922 1407 1950 non
1437 1907 1606 1962 acquie-

180 2003 371 2038 scemus3
411 1987 485 2029 sed
533 2000 628 2028 eum
678 1985 882 2041 primaria
924 1999 1052 2028 eausa
1085 1984 1214 2038 hujus
1246 1983 1484 2025 simultatis
1512 1982 1602 2036 jam

180 2063 411 2107 manifesta
441 2062 522 2115 sit,
556 2061 806 2104 secundaria
837 2075 1004 2116 quoque
1034 2064 1082 2102 ut
1104 2065 1331 2114 appareat,
1361 2065 1606 2113 reputemus

182 2139 405 2182 nobiseum
449 2151 532 2193 quo
577 2142 768 2191 tempore
814 2135 971 2177 vixerit
1012 2140 1202 2190 uterque.
1269 2132 1606 2188 Aristophanes,

183 2213 360 2255 minime
402 2213 546 2268 segnis
586 2212 690 2254 civis
726 2211 800 2254 sed
833 2211 996 2266 patriae
1031 2211 1382 2265 amantissimus,
1418 2226 1510 2253 eam
1546 2210 1608 2251 vi-

184 2289 313 2331 debat
353 2289 405 2331 de
447 2288 608 2344 gloriae
653 2287 1046 2330 eulmine.sensim
1095 2287 1182 2328 labi
1228 2288 1268 2328 in
1314 2287 1527 2337 deteriuS,
1567 2294 1609 2327 et

186 2364 359 2406 tandem
403 2363 556 2406 misere
593 2368 852 2418 prostratam
886 2362 1009 2404 luxit.
1079 2364 1189 2404 Cum
1224 2362 1430 2417 Euripide
1465 2371 1609 2404 tamen

184 2440 430 2492 contendit,
475 2439 659 2481 Athenis
711 2438 849 2480 adhuc
891 2438 1108 2479 stantibus
1160 2438 1356 2490 intactis,
1403 2437 1477 2479 sed
1524 2450 1609 2493 quo

188 2521 398 2569 tempore,
433 2519 481 2556 ut
513 2520 603 2556 erat
636 2513 786 2555 multis
819 2528 991 2555 suorum
1022 2513 1179 2555 civium
1204 2513 1500 2568 perspicacior,
1518 2511 1608 2567 jam

189 2589 348 2645 passim
386 2589 563 2631 notabat
596 2589 806 2630 internam
844 2589 1158 2644 corruptelam,
1191 2602 1298 2643 quae
1333 2588 1440 2630 labis
1472 2598 1611 2629 exter-

191 2679 292 2718 nae,
329 2679 429 2706 mox
461 2669 705 2717 secuturae,
738 2664 914 2705 extabat
945 2678 1083 2705 eausa.
1137 2663 1246 2705 Vere
1268 2663 1419 2717 ingens
1449 2662 1611 2703 malum

190 2740 371 2782 ducebat
423 2739 672 2782 effrenatam
731 2739 1059 2790 ochlocratiam,
1109 2754 1215 2793 quae
1260 2737 1468 2793 gliscebat
1517 2743 1614 2792 post

240 2915 246 2934 ¹
273 2916 351 2947 vid.
375 2925 401 2948 e.
424 2926 455 2956 g.
482 2914 687 2947 Friselilinus
713 2916 743 2944 in
771 2914 936 2945 {tanarum
960 2912 1163 2953 expositione
1188 2912 1271 2952 apud
1299 2912 1474 2943 Kasterum
