1956 3346
946 204 993 242 12

259 326 455 368 bularum
489 333 632 367 autem
664 324 1007 378 Euripidearum,
1041 338 1145 379 quas
1182 339 1281 378 prae
1312 325 1487 366 cacteris
1517 326 1677 367 comico

260 407 378 444 aceto
412 400 682 442 adversarius
715 398 921 454 perfudit,
942 398 1167 453 pleraeque
1185 399 1426 454 perierunt,
1445 400 1677 455 Telephus,

252 476 558 528 Andromeda,
594 474 862 528 Melanippo,
896 472 1200 527 Bellerophon,
1229 474 1473 530 multaeque
1500 475 1628 526 aliae3
1658 493 1679 517 e

260 551 564 607 superstitibus
598 549 711 591 solae
747 548 1036 603 Hippolytus,
1063 547 1264 602 Hecuba,
1293 548 1459 591 Helena
1481 551 1680 592 videntur

259 643 283 669 a
317 627 477 669 comico
509 625 718 667 attentius
750 638 842 666 esse
875 623 1132 678 exploratae.
1187 623 1355 665 Periere
1386 639 1511 679 porro
1533 625 1677 667 imita-

262 704 397 745 tiones
443 702 686 743 dramatum
734 699 1087 754 Euripideorum,
1133 713 1237 754 quas
1281 714 1333 740 ex
1368 699 1513 742 eadem
1547 701 1680 743 divite

259 793 392 831 vena,
452 791 559 832 quae
613 775 949 830 Aristophanem
1008 787 1228 828 nunquam
1276 773 1453 827 defecit,
1502 775 1678 817 haustas

260 854 416 908 fuisse,
462 857 505 895 et
549 851 687 893 multa
734 848 998 892 continuisse
1042 848 1095 889 ad
1135 847 1350 902 judicium
1389 849 1440 891 de
1475 850 1681 905 Euripide

259 927 545 983 pertinentia,
579 925 674 982 quis
708 929 773 967 est
804 924 877 980 qui
909 923 1110 965 dubitet?
1173 923 1209 964 E
1242 930 1503 966 caeterorum
1537 931 1680 967 autem

260 1004 519 1046 comicorum
572 1000 753 1053 fabulis,
814 999 968 1055 quibus
1018 998 1422 1054 ἀνασελγαινόμενος
1457 990 1683 1055 Εὐρεπίδηξ

260 1078 492 1135 aliquando
537 1077 640 1118 trita
682 1075 767 1117 fere
807 1074 1005 1116 materies
1038 1073 1122 1115 fuit
1146 1073 1178 1127 ¹,
1215 1074 1322 1114 nihil
1357 1075 1532 1115 omnino
1563 1082 1679 1117 aeta-

261 1160 348 1196 tem
381 1153 493 1196 tulit.

322 1228 438 1281 Quae
484 1233 629 1269 tamen
675 1226 905 1278 supersunt
936 1223 1162 1278 utriusque
1193 1228 1343 1278 poetae
1375 1223 1559 1278 scripta,
1596 1239 1678 1266 non

261 1312 352 1346 tam
384 1308 486 1346 sunt
517 1315 652 1357 pauca
683 1299 787 1355 quin
820 1313 871 1340 ex
904 1299 956 1340 iis
989 1299 1094 1340 satis
1127 1302 1320 1340 accurate
1352 1298 1489 1352 possit
1520 1299 1679 1354 colligi,

259 1378 364 1434 quid
408 1383 450 1419 et
489 1390 573 1431 quo
610 1375 707 1430 jure
739 1374 847 1416 alter
878 1374 929 1415 de
962 1374 1095 1415 altero
1121 1373 1349 1428 judicarit,
1384 1373 1449 1414 vel
1478 1398 1537 1405 ·—
1568 1374 1679 1429 quod

262 1454 410 1497 eodem
457 1451 570 1494 redit
611 1475 669 1481 —
711 1450 754 1491 in
787 1450 920 1491 altero
952 1447 1229 1503 vituperarit3
1264 1462 1362 1489 nam
1396 1447 1612 1490 laudanda
1644 1450 1678 1491 si

259 1544 344 1586 qua
391 1529 434 1569 in
473 1526 681 1582 Euripide
713 1524 880 1566 invenit
912 1524 1124 1578 comicus,
1160 1538 1381 1579 nunquam
1413 1523 1565 1566 effatus
1598 1531 1674 1566 est.

262 1604 346 1646 Sed
378 1604 457 1644 hoc
486 1603 611 1657 plura
646 1601 691 1641 in
726 1615 774 1642 eo
804 1599 1128 1651 condemnavit,
1161 1613 1268 1653 quae
1298 1613 1383 1640 non
1407 1599 1518 1641 male
1535 1599 1595 1640 ita
1611 1613 1678 1640 me

259 1678 449 1720 dividere
494 1682 537 1718 ct
574 1676 770 1717 ordinare
811 1680 937 1730 puto,
973 1679 1020 1715 ut
1053 1674 1191 1715 dicam
1224 1673 1434 1728 tragicum
1468 1673 1505 1715 ei
1537 1673 1678 1715 visum

260 1769 352 1796 esse
398 1754 563 1795 deorum
607 1757 904 1803 contemtorem,
954 1748 1260 1805 πολυμήχανον
1280 1748 1309 1795 ²,
1353 1751 1395 1790 2'72
1434 1763 1555 1791 seona
1580 1749 1678 1803 plci-

260 1829 469 1884 losopltecm
500 1835 537 1870 et
566 1828 783 1878 rhetorem,
816 1840 969 1868 morum
1002 1830 1296 1879 corruptorem,
1332 1827 1514 1880 tra-(sicae
1544 1824 1676 1880 (tagam-

259 1907 358 1946 tatis
398 1903 672 1958 perditorem,
722 1901 872 1943 malam
915 1899 1097 1954 denique
1134 1901 1177 1940 in
1193 1897 1361 1953 sabulis
1392 1899 1678 1954 componendis

260 1978 456 2032 artefieem
498 1983 541 2019 et
584 1981 625 2019 2'72
656 1975 834 2019 versibus
855 1974 1092 2030 pa7zyend2'3
1124 1976 1402 2029 importunum
1433 1981 1674 2016 novatorem.

323 2053 385 2094 Dc
416 2053 482 2094 his
518 2053 651 2108 igitur
682 2050 933 2093 criminibus
957 2048 1313 2104 singulatimjam
1334 2049 1413 2090 erit
1431 2049 1674 2091 videndum.

306 2193 313 2212 ¹
340 2193 444 2225 Arist.
468 2193 567 2233 Vesp.
591 2193 642 2224 61.

304 2252 316 2272 ²
341 2253 412 2284 Hoc
435 2252 642 2288 vocabulum,
666 2252 749 2292 quod
774 2260 832 2282 sno
855 2251 925 2281 loeo
949 2249 1176 2290 explicabitur,
1203 2249 1306 2290 elegi,
1331 2248 1405 2289 quia
1430 2248 1518 2279 nulla
1540 2247 1679 2278 dictione

262 2313 380 2343 Latina
402 2313 513 2343 eadem
538 2321 588 2342 res
615 2321 715 2351 aeque
739 2310 904 2351 perspicue
927 2309 1127 2349 designatur.
