1956 3346
978 217 1028 254 10

293 343 363 384 bet
395 339 742 396 philosophorum
777 337 827 378 de
860 336 926 377 his
957 335 1081 376 rebus
1097 335 1440 390 disceptationes.
1488 334 1597 385 Quia
1616 348 1711 375 vero

293 417 477 472 seeptica
523 416 776 469 argumenta
825 410 1014 452 refellere
1060 424 1143 451 non
1192 410 1386 463 valebat,
1446 410 1710 465 philosophis

293 490 594 540 succensebat,
630 492 672 528 et
702 485 964 529 comoediam
1000 484 1242 539 composuit
1276 484 1442 536 Nubes,
1469 490 1514 525 ut
1536 483 1711 525 ridendo

293 566 486 622 perderet
516 562 804 617 sophistarum
842 573 995 600 novam
1030 562 1230 613 gentem,
1261 558 1389 612 probe
1419 558 1497 599 sibi
1518 558 1711 600 conscius

293 645 451 696 quanta
492 637 556 678 vis
599 635 656 677 sit
698 634 922 677 derisionis
967 633 1019 675 ad
1056 632 1358 688 opprimendas
1390 647 1459 674 eas
1490 632 1711 687 opiniones

293 730 397 771 quas
430 712 577 755 solidis
609 710 845 752 rationibus
879 709 1128 763 redarguere
1159 707 1332 750 difficile
1365 707 1432 748 sit.

354 791 404 831 In
452 789 530 830 hac
579 786 710 842 igitur
751 785 898 826 fabula
947 784 1166 836 Socrates,
1208 782 1328 838 cujus
1362 782 1533 823 nomine
1567 796 1712 823 omnes

294 864 479 908 asseclae
510 859 808 917 philosophiae
840 858 1022 900 recentis
1056 858 1276 913 agitantur
1301 861 1328 909 ¹,
1363 856 1616 898 describitur
1647 855 1711 896 di-

295 940 418 983 sertis
437 938 576 981 verbis
594 942 641 979 ut
661 936 837 978 deorum
850 940 1098 977 contemtor.
1143 932 1429 987 Quaecunque
1450 931 1599 972 veroin
1617 945 1713 972 eum

294 1015 518 1066 dicuntur,
547 1011 707 1054 cadunt
730 1010 860 1051 etiam
878 1009 920 1050 in
942 1007 1195 1062 Euripidem
1209 1011 1241 1060 2,
1260 1010 1509 1049 sectatorem
1530 990 1714 1047 Socratis

295 1105 421 1148 quem
451 1090 520 1131 hic
550 1087 733 1129 habebat
762 1086 807 1126 in
838 1084 984 1140 paucis
1020 1097 1181 1136 carum,
1215 1083 1276 1124 ita
1303 1087 1353 1124 ut
1383 1081 1544 1123 feratur
1560 1080 1715 1122 adiisse

295 1168 509 1209 theatrum
537 1164 702 1220 quoties
734 1160 962 1215 Euripides
979 1173 1090 1200 nova
1106 1157 1326 1213 tragoedia
1343 1161 1536 1210 certaret,
1552 1154 1713 1210 alioqui

295 1256 444 1285 scenae
470 1238 719 1281 fastidiosus
741 1243 781 1286 ὃς
815 1235 919 1291 quin
952 1232 1205 1288 Euripidem
1238 1233 1282 1273 in
1314 1230 1576 1274 carminibus
1606 1244 1713 1284 pan—

293 1316 446 1374 gendis
491 1330 515 1356 a
547 1314 717 1356 Socrate
744 1310 941 1365 adjutum
975 1308 1109 1350 fuisse
1140 1308 1328 1349 innuunt
1361 1319 1506 1348 versus
1540 1304 1714 1361 quidam

294 1389 516 1435 Teleclidis
548 1392 574 1430 ⁴.
640 1385 826 1428 Etiamsi
879 1384 1011 1440 igitur
1063 1396 1148 1424 non
1198 1381 1454 1423 nominatim
1502 1385 1717 1435 peteretur

338 1563 347 1584 ¹
373 1564 445 1595 Hoc
479 1561 612 1593 omnino
646 1559 822 1590 tenendum
856 1557 883 1587 si
917 1556 990 1597 quis
1024 1561 1110 1586 recte
1142 1553 1221 1585 velit
1243 1553 1429 1593 intelligere
1452 1551 1543 1582 illam
1568 1550 1717 1582 festivam

291 1622 492 1655 comoediam
527 1621 581 1651 sed
615 1620 648 1649 in
683 1618 853 1650 Socratem
887 1615 982 1646 valde
1017 1614 1173 1655 iniquam.
1218 1612 1292 1651 Quo
1327 1618 1475 1652 tempore
1510 1610 1620 1642 Nubes
1643 1616 1717 1640 sunt

292 1690 400 1720 actae,
434 1681 581 1713 Socrates
607 1679 666 1710 vix
690 1678 874 1708 innotuerat
899 1673 1115 1714 Aristophani
1138 1673 1200 1704 ni>i
1224 1682 1266 1703 ex
1289 1671 1397 1712 populi
1423 1679 1589 1705 sermone,
1613 1668 1717 1701 multa

292 1743 332 1774 de
366 1741 431 1772 viri
462 1739 607 1771 moribus
641 1747 678 1769 ac
711 1736 827 1768 studiis
862 1733 1134 1769 circumferente,
1167 1732 1277 1773 inepta
1301 1731 1491 1772 plerumque
1515 1737 1547 1761 et
1570 1729 1718 1766 mirifica,

292 1802 428 1842 ideoque
461 1800 579 1830 risibus
612 1804 723 1838 aptam
757 1794 947 1837 praebentia
980 1793 1151 1824 materiem
1193 1792 1260 1832 (vd.
1294 1791 1377 1822 Nub.
1409 1791 1474 1822 362
1508 1791 1580 1831 sq.);
1614 1799 1719 1830 neque

293 1860 395 1901 igitur
432 1859 574 1890 comicus
615 1856 698 1887 scire
740 1860 868 1896 poterat
900 1858 1021 1894 quanto
1055 1851 1230 1882 intervallo
1270 1850 1434 1891 sophistae
1468 1855 1500 1880 et
1535 1858 1631 1879 verae
1669 1847 1720 1878 hic

292 1919 472 1960 sapientiae
495 1923 634 1948 sectator
658 1926 677 1946 a
699 1924 731 1945 se
756 1914 899 1945 invicem
922 1913 1088 1943 distarent.
1127 1911 1206 1942 Alia
1224 1911 1351 1941 ratione
1364 1908 1646 1950 explicarinequit
1660 1917 1719 1938 cur

293 1979 379 2009 <licat
411 1977 573 2014 comicus,
609 1976 778 2007 Socratem
801 1972 1030 2014 praesentibus
1053 1970 1195 2001 nummis
1218 1969 1333 2000 docere
1356 1968 1586 1999 veteratoriam
1609 1966 1718 1997 facun-

292 2038 380 2069 diam
403 2036 503 2076 (Nub.
526 2037 569 2067 98
591 2045 647 2076 sq„
670 2035 709 2065 ad
733 2043 831 2074 quem
854 2032 963 2063 locum
987 2040 1065 2062 vera
1087 2030 1249 2071 quaedam
1273 2029 1425 2059 observat
1436 2027 1637 2066 scholiasta);
1662 2030 1720 2056 aut

292 2107 349 2128 cur
381 2102 449 2127 tam
472 2094 594 2125 multus
618 2094 658 2124 sit
680 2093 713 2123 in
737 2091 922 2123 deridendis
946 2089 1062 2120 studiis
1086 2088 1351 2129 meteorologicis
1375 2094 1407 2118 et
1430 2086 1583 2128 physicis,
1607 2085 1719 2127 quibus

293 2157 444 2188 Socrates
466 2153 569 2184 multo
592 2152 753 2183 minorem
776 2159 910 2191 operam
933 2148 1023 2180 dedit
1046 2158 1142 2188 quam
1166 2148 1388 2187 Anaxagoras
1411 2146 1543 2187 aliique.

337 2215 428 2245 Haec
461 2212 606 2243 breviter
638 2216 670 2242 et
704 2211 738 2241 in
773 2209 910 2241 transitu
943 2208 1107 2239 notavisse
1131 2207 1283 2238 sufficiat.
1329 2206 1480 2238 Perbene
1503 2216 1575 2237 meo
1594 2205 1720 2246 judicio

295 2274 440 2306 Kockius
463 2281 531 2303 rem
555 2270 708 2311 exposuit
730 2270 764 2300 in
787 2267 1028 2310 prolegomenis
1052 2267 1092 2297 ad
1115 2276 1209 2297 suam
1233 2265 1382 2297 Nubium
1404 2265 1593 2296 editionem.

338 2333 350 2352 ²
373 2331 557 2364 Bernhard.
590 2330 624 2360 11.
658 2339 733 2370 pag.
769 2330 833 2360 404
867 2328 960 2359 infr.:
999 2327 1095 2359 “ihre
1127 2327 1282 2367 (Socratis
1305 2333 1337 2357 et
1360 2327 1542 2367 Euripidis)
1566 2326 1719 2358 Gemein-

294 2392 397 2424 schaft
432 2391 474 2422 ist
509 2390 559 2421 die
592 2389 866 2429 Voraussctzung
901 2388 953 2418 fiir
989 2388 1051 2418 den
1085 2395 1213 2427 ganzen
1245 2386 1319 2417 Bau
1354 2387 1411 2416 der
1433 2385 1562 2423 Nubes,
1587 2394 1638 2415 wo
1661 2384 1719 2414 mit

295 2450 565 2482 kiinstlerischem
601 2448 695 2480 Geist
731 2457 788 2478 aus
823 2447 941 2478 beiden
976 2445 1188 2485 Individuen,
1225 2444 1377 2477 Socrates
1418 2444 1494 2475 dem
1518 2442 1719 2484 practischen

296 2511 477 2552 Sprecher,
511 2508 687 2548 Euripides
721 2508 795 2538 dem
830 2507 1006 2537 Vcrtreter
1039 2506 1096 2536 des
1130 2505 1280 2545 Dogmas
1314 2505 1378 2534 und
1402 2504 1459 2534 der
1483 2502 1637 2537 Theorie,
1661 2501 1719 2532 das

296 2571 371 2602 Bild
400 2570 491 2600 einer
514 2568 706 2599 schlimmen
732 2566 987 2598 Ai'tcrweisheit
1010 2565 1153 2606 geformt
1176 2564 1290 2595 wird.''
1335 2563 1388 2596 cf.
1411 2563 1509 2594 etiam
1533 2572 1609 2603 pag.
1634 2562 1713 2594 647.

338 2631 350 2650 ¹¹
375 2629 508 2662 Aelian.
543 2629 627 2659 Var.
662 2629 704 2659 11.
740 2627 794 2658 11:
831 2627 885 2658 13:
917 2626 932 2655 ὁ
957 2625 987 2657 δὲ
1018 2625 1191 2665 Σωκράτης
1215 2623 1363 2655 σπάνιον
1385 2623 1445 2662 μὲν
1469 2622 1626 2662 ἐπεφοίτα
1649 2623 1719 2657 τοῖς

297 2690 462 2731 θεάτροις,
494 2690 600 2719 εἴποτε
630 2687 660 2718 δὲ
688 2685 869 2727 Εὐριπίδης
894 2685 910 2715 ὸ
935 2687 995 2722 τῆς
1020 2683 1204 2725 τραγῳδίας
1230 2682 1369 2720 ποιητὴς
1393 2681 1573 2722 ἠγωνίζετο
1592 2682 1718 2715 καινοῖς

297 2749 495 2792 τραγῳδοῖς,
519 2749 590 2780 τότε
616 2760 649 2788 γε
675 2746 854 2788 ἀφικνεῖτο.
901 2745 952 2776 Dc
975 2743 1084 2774 verbis
1107 2752 1189 2783 quae
1213 2746 1396 2781 sequuntur
1418 2738 1655 2770 obscurioribus
1666 2737 1713 2768 cs.

298 2810 458 2841 Valckcn.
482 2809 593 2840 Diatr.
618 2807 699 2838 Eur.
724 2816 792 2846 cap.
817 2806 838 2836 2
861 2814 936 2844 pag.
965 2805 1013 2835 14.

343 2871 352 2888 ⁴
476 2867 689 2907 Μνησίλοχός
714 2864 778 2896 ἔστ’
803 2865 942 2900 ἐκεῖνος,
968 2863 1004 2899 ὃς
1029 2860 1139 2903 φρύγει
1165 2873 1192 2890 τι
1219 2859 1325 2900 δρᾶμα
1351 2858 1466 2888 καινὸν

480 2925 656 2966 Εὐριπίδῃ,
682 2925 735 2955 καὶ
761 2923 934 2965 Σωκράτης
960 2924 999 2953 τὰ
1025 2919 1165 2962 φρύγαν’
1193 2919 1399 2955 ι’νποτὶθησιν.
