1956 3346
911 191 959 229 (31

228 312 339 368 quod
372 326 396 353 a
427 312 644 354 communi
677 312 765 354 vita
798 313 974 354 omnino
1007 312 1242 354 abhorreat.
1310 313 1507 368 lupi-imis
1542 314 1650 353 nial«-

229 387 410 429 feremus
456 387 491 428 si
533 388 717 442 tragicae
752 403 955 443 personae
988 403 1082 429 aere
1118 388 1348 430 Dodonaeo
1381 389 1467 429 sint
1503 388 1649 444 loqua-

226 462 384 515 ciores,
425 463 787 518 quenmdmmlum
821 470 1092 505 occursantes
1127 463 1318 517 fugimus
1351 478 1456 518 quos
1490 464 1649 505 scimus·

224 537 478 592 garrulitate
510 553 587 580 sua
622 554 697 579 nos
730 545 964 580 enee-turos.
1018 536 1113 578 Non
1139 537 1288 591 ignoro
1311 538 1505 593 quidem,
1531 539 1648 579 Atti-

224 625 295 653 cos
327 612 434 654 alias
467 613 582 667 leges
605 621 773 655 secutos
803 628 896 655 esse
920 612 961 653 in
986 611 1267 653 aestimandis
1292 612 1496 654 dramatis
1521 628 1648 668 quam

225 687 442 729 hodiernis
475 682 674 743 operibus
707 687 980 739 adhibentur,
1017 701 1153 742 neque
1175 687 1416 741 postulasse
1441 698 1481 728 ut
1505 688 1649 728 lit-roes

224 778 245 803 e
294 763 561 818 temporibus
610 765 961 817 Argonautarum
1009 767 1052 804 et
1098 761 1199 803 belli
1245 762 1411 816 'si-ojani
1450 763 1489 803 iu
1525 778 1650 803 scena

224 837 291 879 sui
331 836 423 880 aevi
458 851 594 878 mores
629 838 852 890 referrent,
887 844 1016 894 atque
1049 853 1220 894 prorsus
1255 839 1380 881 aliter
1411 839 1647 894 cogitarent

223 920 266 955 et
297 912 571 969 loquerentur
602 927 729 968 quam
753 913 972 969 scriptoris
993 915 1191 970 aequales
1219 917 1241 956 ¹.
1281 915 1363 956 Sed
1389 915 1463 956 lios
1483 931 1650 971 quoque

224 1003 333 1044 nego
375 989 436 1030 ita
467 988 632 1031 locutos
665 1003 758 1031 esse
793 995 839 1031 ut
871 1004 1076 1045 personas
1111 990 1378 1046 Euripideas.
1447 991 1531 1033 Ubi
1566 1000 1649 1033 ter-

223 1077 363 1105 rarum
397 1077 586 1119 unquam
619 1063 704 1105 fuit
736 1063 879 1118 puella
911 1079 1018 1120 quae
1055 1065 1114 1106 ita
1145 1065 1372 1107 dissereret
1405 1065 1457 1107 (le
1483 1080 1648 1107 cosmo-

221 1138 373 1193 gonia,
420 1144 468 1180 ut
499 1137 629 1191 facit,
664 1139 926 1181 testantibus
960 1140 1215 1196 fragmentis
1249 1156 1358 1197 quae
1391 1150 1647 1197 supersunt.

225 1214 299 1256 illa
343 1213 513 1269 sapiens
562 1213 619 1268 (si
668 1214 794 1255 modo
841 1215 1012 1271 sapiens
1057 1230 1133 1257 nce
1178 1216 1321 1272 potius
1368 1217 1480 1258 male
1523 1229 1648 1264 sana)

225 1288 473 1344 Melanippo
516 1287 773 1344 Euripidea,
817 1289 885 1331 eui
931 1289 1068 1345 proles
1114 1290 1263 1332 furtim
1297 1291 1412 1333 edita
1446 1292 1651 1334 debuerat

222 1378 346 1405 curae
389 1363 576 1419 propiori
623 1377 715 1405 esse
762 1378 888 1418 quam
936 1379 1085 1406 cursus
1133 1365 1352 1407 stellarum
1401 1374 1444 1408 et
1483 1366 1649 1409 telluris

222 1439 341 1494 origo
361 1440 389 1480 ².
446 1438 511 1480 Ne
553 1441 700 1480 nostro
741 1438 914 1494 quiden]
959 1444 1174 1495 tempore,
1209 1455 1292 1496 quo
1326 1442 1522 1483 nonnulli
1551 1441 1651 1496 jura

266 1578 274 1597 ¹
322 1579 392 1610 Hoc
416 1580 611 1616 tenendum,
635 1589 675 1611 ne
699 1581 827 1621 saepius
851 1580 980 1622 iniquus
1003 1581 1061 1612 fias
1085 1582 1118 1612 in
1142 1582 1337 1623 Euripidem
1363 1584 1435 1614 (aut
1459 1583 1491 1614 in
1509 1582 1650 1623 reliquos

220 1644 347 1669 veteres
370 1638 540 1680 tragicos).
584 1639 740 1680 Exempli
764 1640 889 1681 gratia,
922 1649 988 1671 non
1008 1639 1084 1680 jure
1107 1641 1327 1682 reprehendas
1350 1642 1502 1673 dictailla
1519 1643 1652 1678 Thesei.

220 1698 298 1729 satis
333 1704 443 1730 tamen
478 1697 645 1736 α’νοίκεια,
681 1699 735 1730 ubi
758 1699 799 1731 de
823 1700 947 1740 optima
969 1700 1143 1740 regiminis
1167 1700 1274 1732 forma
1296 1701 1439 1742 disputat
1461 1712 1534 1733 eum
1559 1712 1649 1743 prae-

219 1765 300 1788 cone
333 1756 494 1788 Thebano
528 1757 560 1788 in
595 1757 815 1798 Supplicibus.
862 1758 987 1789 Eadem
1022 1759 1062 1789 de
1084 1769 1181 1790 causa
1204 1759 1308 1790 levius
1334 1759 1435 1791 seram
1460 1761 1650 1792 anachroni-

221 1825 327 1847 smum
362 1816 454 1848 Pelei
488 1817 649 1857 culpamis
683 1817 835 1848 instituta
869 1818 1013 1859 Lycurgi
1039 1818 1069 1848 in
1093 1819 1238 1849 violenta
1267 1819 1323 1849 illa
1346 1819 1503 1856 oratione,
1528 1821 1651 1852 Atticis

219 1875 352 1907 auribus
386 1876 579 1914 blandiente,
614 1878 771 1908 adversus
795 1877 1028 1919 Spartanorum
1053 1878 1235 1918 puellarum
1259 1879 1495 1914 educationem.
1519 1882 1648 1912 Andru-

221 1935 324 1966 macli.
359 1947 405 1966 vs.
441 1937 626 1968 595-601.
671 1937 764 1974 (Vid.
789 1937 872 1968 infra
894 1947 968 1978 pag.
993 1938 1036 1968 68
1058 1938 1130 1968 atln.
1155 1938 1200 1975 2.)
1246 1937 1379 1969 Confer.
1404 1939 1651 1971 Andromaches

220 1994 251 2025 in
275 1994 389 2026 eadem
413 1995 523 2026 sabula
545 1995 648 2026 oratio
672 2005 719 2027 vs.
743 1996 808 2027 445
830 2006 898 2036 sqq.

263 2053 420 2094 Antiquis
455 2053 692 2095 spectatoribus
725 2059 858 2094 gratum
892 2062 978 2091 erat,
1016 2054 1042 2084 si
1078 2054 1123 2085 ita
1160 2060 1372 2095 tangerentur
1407 2066 1457 2087 res
1481 2057 1650 2098 aequales,

220 2122 324 2153 neque
355 2113 457 2154 igitur
480 2114 682 2154 querendum
706 2120 755 2144 est
777 2114 816 2144 de
840 2120 935 2154 poeta
959 2114 1012 2145 ubi
1034 2114 1162 2144 civibus
1186 2115 1415 2155 morigeratur.
1464 2117 1651 2148 Dummodo

220 2171 266 2203 ita
298 2171 474 2212 loquantur
505 2171 619 2204 heroes
654 2172 792 2213 tragici,
824 2178 856 2202 ut
881 2172 1022 2203 locuturi
1047 2171 1182 2203 fuissem
1204 2173 1230 2203 si
1255 2173 1368 2205 eodem
1393 2184 1430 2204 ac
1453 2183 1652 2216 spectatores

219 2231 379 2263 vixissent
401 2239 565 2273 tempore,
589 2242 708 2273 parvus·
731 2238 786 2263 aut
809 2232 914 2263 nullus
939 2232 1167 2273 vituperationi
1189 2226 1280 2264 loctis
1305 2234 1508 2275 relinquitur.

263 2290 276 2310 ²
321 2291 509 2332 Melanippo
545 2291 564 2330 ὴ
599 2293 685 2333 σοφή
707 2292 791 2323 clam
816 2292 877 2323 sibi
901 2298 992 2322 natos
1015 2299 1210 2333 exposuerat
1232 2293 1407 2334 gemellos,
1430 2304 1510 2334 quos
1536 2305 1650 2327 vaccae

220 2350 320 2382 ubera
353 2351 509 2382 ducentes
544 2350 736 2382 invenerant
767 2357 915 2392 pastores
949 2357 982 2382 et
1015 2351 1107 2392 quasi
1142 2357 1365 2392 portentosum
1400 2352 1490 2383 imis
1519 2362 1649 2394 partum

219 2409 395 2442 attulerant
429 2409 552 2447 Aeolo,
586 2409 709 2450 puellae
743 2410 847 2450 patri,
868 2410 923 2451 qui
946 2420 1000 2442 eos
1022 2409 1161 2442 cremari
1185 2409 1323 2442 volebat.
1369 2411 1464 2450 Quod
1489 2412 1590 2444 satum
1615 2423 1648 2445 ut

219 2469 260 2500 ab
294 2468 460 2500 infantulis
495 2474 641 2504 avertat,
674 2467 810 2500 heroiua
832 2467 931 2509 lo'nga
954 2469 1231 2500 demonstratione
1254 2469 1476 2511 philosophica
1499 2472 1648 2504 evincere

219 2529 354 2567 laborat,
387 2539 408 2559 a
441 2528 523 2559 bove
558 2527 609 2559 edi
633 2537 697 2559 non
722 2537 817 2569 posse
841 2528 965 2569 prolem
989 2528 1178 2560 humanam.
1224 2529 1345 2560 Parum
1369 2536 1444 2570 apte
1468 2532 1648 2562 sententiae

219 2587 294 2619 illae
327 2588 570 2629 Anaxagoreae
601 2587 720 2618 cadunt
753 2596 795 2618 ex
828 2595 885 2618 ore
908 2586 1036 2628 puellae
1061 2586 1139 2619 furti
1163 2587 1224 2618 sibi
1246 2587 1394 2618 consciae
1418 2595 1449 2619 et
1474 2589 1646 2622 tiliolorum

221 2646 307 2678 vitae
329 2646 511 2678 trementis.
554 2645 633 2678 Jam
658 2645 855 2677 Aristoteles
878 2651 963 2687 poet.
993 2647 1030 2677 15
1053 2645 1142 2679 illam
1165 2645 1263 2686 ῥῆσιν
1288 2647 1499 2688 vituperavit.

263 2704 398 2737 Initium
420 2704 543 2736 fabulae
566 2710 638 2736 erat
660 2714 776 2736 versus
801 2704 935 2746 impius:

475 2765 573 2803 Ζεύς,
597 2764 688 2802 ὅστις
712 2765 729 2795 ὁ
754 2765 851 2802 Ζεύς.
876 2766 914 2797 οὑ
939 2768 1002 2807 γὰρ
1027 2765 1100 2797 οἶδα
1128 2766 1220 2803 πλὴν
1242 2765 1333 2805 λόγῳ

473 2823 595 2854 κλύων.

221 2888 302 2921 quae
326 2887 439 2921 postea
462 2887 587 2913 mutata
608 2889 685 2914 sunt
709 2882 740 2913 in
767 2882 845 2915 haec
871 2883 970 2915 verbu
994 2883 1100 2915 minus
1126 2882 1405 2924 “philosophicaz‘'
