1956 3346
1000 208 1051 246 :34

474 366 489 416 ξ
528 367 564 403 4.
632 363 715 403 Um*
747 360 1000 416 trayocclias,
1028 372 1185 414 partem
1217 360 1397 412 traqz'cas
1431 364 1583 408 ramme,

774 437 988 489 scripserit
1034 433 1276 487 Euripides.

382 555 425 596 si
487 567 569 594 11011
617 552 744 606 plane
791 549 1147 605 improbabilibus
1196 549 1461 604 argumentis
1511 547 1737 600 contendi,

322 629 597 684 Euripidem,
647 627 821 669 deorum
869 626 1113 667 Atticorum
1151 629 1485 676 contemtorem,
1519 627 1743 678 propterca

323 706 376 747 ad
426 703 632 759 tragicam
665 702 814 756 poesin
846 702 989 742 minus
1022 704 1170 755 aptum
1204 699 1362 751 fuisse,
1399 698 1507 740 sorte
1544 698 1638 753 quis
1675 711 1741 738 10-

321 789 394 835 get
441 793 514 820 cur
573 777 705 832 igitur
761 775 988 830 Euripides
1042 774 1344 829 Melpomenen
1392 772 1612 814 colendam
1661 770 1743 812 sibi

321 854 526 909 elegerit?
590 851 734 906 Digna
766 863 867 891 sane
900 849 1003 890 111100
1035 848 1228 904 quaestio
1261 848 1314 889 de
1347 861 1431 902 qua
1454 846 1594 888 adhuc
1611 858 1743 900 pauca

323 929 526 971 dicamus.
592 925 727 966 Fuere
773 923 845 979 qui
887 924 1147 978 putarent¹,
1193 921 1472 976 Euripidem,
1512 920 1587 961 “in
1621 933 1746 962 scena

323 1000 680 1058 philosophum,”
742 998 835 1040 ideo
895 998 1086 1040 induisse
1140 997 1369 1039 cothurnos
1415 1000 1464 1038 ut
1508 984 1745 1037 doctrinam

322 1076 606 1134 praeceptoris
649 1076 927 1129 Anaxagorae
972 1088 992 1114 e
1039 1087 1164 1114 scena
1206 1071 1368 1127 tragica
1406 1076 1552 1126 posset
1583 1069 1746 1111 civibus

323 1151 642 1204 commendare,
687 1150 845 1204 majore
891 1148 1100 1190 auditorio
1144 1151 1187 1188 et
1231 1146 1394 1188 minore
1438 1160 1514 1187 suo
1557 1144 1745 1200 periculo

325 1243 451 1284 qnam
499 1227 536 1268 si
575 1226 627 1266 de
670 1224 723 1265 iis
769 1223 891 1265 rebus
939 1222 982 1262 111
1027 1220 1185 1263 scholis
1234 1219 1544 1275 philosophicis
1590 1227 1744 1274 ageret.

326 1304 442 1345 Haec
490 1313 587 1342 vero
632 1297 790 1340 sabella
837 1306 925 1338 tam
958 1296 1104 1350 inepta
1136 1299 1202 1336 est
1233 1300 1282 1336 ut
1313 1294 1386 1335 vix
1419 1307 1678 1349 quemquam
1711 1292 1748 1334 01

325 1377 452 1419 fidem
499 1374 748 1416 habiturum
789 1385 882 1414 esse
920 1384 1126 1412 censeam.
1193 1369 1287 1424 Ego
1329 1367 1473 1423 potius
1507 1368 1567 1409 sic
1598 1367 1744 1408 habeo.

386 1449 584 1504 Euripidi
632 1462 717 1489 non
763 1447 900 1488 inerat
946 1446 1010 1487 vis
1056 1444 1202 1486 divina
1255 1443 1418 1498 poesis,
1470 1457 1552 1483 non
1599 1442 1749 1497 igneus

328 1527 399 1567 1110
432 1525 556 1566 ardor
587 1524 661 1579 qui
693 1524 737 1564 in
771 1536 881 1563 nova
911 1520 1066 1562 itinera
1097 1519 1279 1574 proripit
1298 1522 1441 1560 vatem
1472 1518 1572 1573 quia
1592 1521 1750 1559 stratae

326 1601 420 1643 viae
453 1600 490 1641 01
523 1613 609 1640 11011
640 1597 860 1640 sufficiunt
884 1601 914 1648 2,
950 1595 1024 1636 sed
1046 1593 1346 1636 tantummodo
1373 1592 1596 1647 ingenium
1626 1592 1749 1634 velox

329 1681 371 1719 et
402 1679 587 1717 acutum.
636 1673 878 1729 Sapientiae
909 1671 1148 1724 studiosus,
1173 1684 1344 1725 operam
1362 1669 1536 1711 dederat
1550 1673 1600 1712 ut
1616 1670 1748 1712 vitani

329 1764 551 1806 moresque
590 1748 813 1790 hominum
857 1750 1184 1801 pernosceretss,
1229 1745 1341 1800 quod
1383 1744 1421 1786 01
1462 1745 1570 1787 bene
1601 1744 1749 1787 cessit:

331 1827 382 1869 ad
427 1840 475 1867 ea
515 1824 649 1880 igitur
681 1823 725 1864 111
762 1837 889 1864 scena
923 1820 1281 1876 repraesentanda
1311 1819 1608 1875 paratissimus
1640 1825 1750 1873 erat,

331 1917 406 1944 1100
436 1902 616 1953 1111111111,
649 1913 671 1941 0
699 1898 817 1954 poesi
850 1897 1021 1939 laudeni
1051 1896 1129 1938 sibi
1163 1899 1458 1951 quaerentem,
1494 1895 1536 1935 in
1562 1895 1753 1936 dramate

333 1990 427 2018 cum
475 1975 590 2018 vitae
633 1973 868 2016 tentorium
912 1971 1116 2027 posuisse.
1182 1971 1317 2012 Vetus
1360 1975 1504 2012 autem
1537 1969 1753 2012 comoedia

333 2050 646 2105 Aristophanca
676 2049 804 2104 plane
835 2047 887 2089 ab
917 2046 1007 2101 ejus
1042 2045 1182 2088 indole
1204 2045 1467 2087 abhorrebat.
1519 2044 1639 2086 Nihil
1673 2045 1753 2100 igi-

334 2134 401 2167 tur
444 2125 630 2167 restabat
672 2129 837 2179 praeter
870 2121 1152 2177 tragoediam,
1187 2120 1221 2161 si
1255 2120 1408 2161 saltem
1441 2134 1493 2161 ex
1524 2119 1752 2175 generibus

333 2215 413 2242 usu
456 2199 633 2254 receptis
674 2213 806 2240 unuin
855 2201 944 2239 erat
979 2195 1235 2250 eligendum.
1303 2194 1386 2237 Sed
1427 2194 1463 2237 si
1495 2209 1616 2236 verus
1649 2194 1754 2236 fuis·

335 2280 399 2316 set
444 2277 589 2329 poeta,
638 2288 721 2314 non
767 2271 960 2314 doctrina
1005 2274 1047 2312 et
1090 2270 1228 2312 multa
1265 2269 1566 2312 exercitatione
1601 2268 1755 2321 factus,

378 2415 387 2435 ¹
434 2415 499 2446 Vd.
516 2414 646 2446 Suidas:
670 2414 723 2444 ἐπὶ
742 2412 928 2454 τραγῳδίαν
952 2411 982 2443 δὲ
1002 2411 1142 2452 ἐτράπη,
1156 2411 1215 2442 τὸν
1229 2409 1545 2451 Ἀναξαγόρανίὂὼν
1560 2408 1755 2441 ὑποστάντα

332 2475 505 2512 κινδύνους
529 2473 566 2504 δι’
590 2475 674 2514 ἅπερ
699 2473 800 2511 είςῆξε
825 2471 985 2513 δόγματα.

374 2534 385 2553 2
433 2534 479 2565 Ut
501 2534 539 2563 (le
563 2533 699 2562 deorum
723 2532 812 2571 cquis
836 2530 975 2570 legimus
1001 2530 1140 2570 (Hymn.
1164 2529 1278 2561 Ceret.
1303 2539 1349 2559 vs.
1373 2529 1431 2559 381
1461 2527 1557 2568 sqq.):

1122 2588 1193 2619 οὐδὲ
1218 2588 1374 2619 Θάλασσα

594 2648 661 2679 οὔθ’
686 2648 769 2689 ὕδωρ
796 2650 957 2688 ποταμῶν
981 2647 1046 2677 οὔτ’
1072 2647 1171 2688 ἄγκεα
1197 2647 1356 2684 ποιήεντα

591 2708 707 2738 ἵππων
731 2706 922 2745 ἀθανάτων,
949 2705 1015 2736 οὔτ’
1041 2706 1158 2746 ἄκριες,
1183 2705 1322 2745 ἔσχεθον
1345 2704 1460 2745 ὁρμὴν,

591 2766 667 2797 ἀλλ’
693 2766 773 2805 ὑπὲρ
798 2766 932 2796 αὐτάων
956 2765 1069 2803 βαθὺν
1094 2764 1172 2804 ἠέρα
1197 2763 1319 2804 τέμνον
1343 2764 1459 2799 ἰόντες.

378 2828 389 2845 :;
438 2828 544 2866 Magis
581 2833 687 2857 tamen
723 2833 765 2855 ex
803 2825 1012 2855 meditatione
1047 2831 1079 2854 et
1111 2833 1151 2854 cx
1184 2823 1272 2854 libris
1304 2833 1398 2863 qumn
1424 2834 1463 2853 ex
1488 2823 1630 2863 ipsorum
1655 2822 1741 2852 lionii

335 2899 409 2919 niun
435 2886 677 2921 consuetudine,
702 2885 785 2916 conf.
812 2884 894 2914 infra
919 2893 992 2924 pag.
1017 2885 1059 2913 52
1082 2893 1126 2922 sq.
