1956 3346
876 209 901 235 Ν
906 203 930 238 ἴ)

185 322 412 364 obscoenis·
438 322 548 377 jocis
574 337 675 364 usus
702 332 787 375 est,
815 338 866 365 ne
895 323 1068 364 voeihus
1096 322 1267 378 quidem
1300 310 1614 363 honestiorum

186 398 330 439 veluus
366 412 502 440 rerum
537 399 814 453 spurcitiem,
851 406 897 440 ut
929 398 1073 440 mirari
1109 399 1247 453 possis
1281 412 1366 454 qua
1399 397 1537 439 fronte
1572 397 1613 438 in

186 472 402 514 Ranarum
435 472 580 514 fabula
613 473 815 527 Aeschyli
851 473 989 515 verbis
1024 480 1191 528 poseat,
1228 479 1274 514 ut
1315 479 1441 528 poeta
1474 473 1615 528 turpia

182 547 369 600 occulat,
405 562 456 589 ne
489 562 562 602 per
593 562 691 590 eum
716 547 988 589 innotescant
1018 548 1191 589 adultae
1218 547 1469 602 juventuti,
1494 548 1614 602 cujus

182 622 240 663 sit
263 630 511 677 praeceptor
536 630 559 664 ¹.
598 623 766 679 Neque,
799 639 895 666 eum
931 624 1038 666 illud
1064 624 1209 666 odium
1238 624 1496 677 mulierum,
1531 639 1615 680 que

184 696 410 752 Euripides
443 697 588 740 ardere
619 698 863 752 ferebatur,
898 699 1035 741 rideat
1067 699 1317 754 saepissime
1336 705 1379 740 et
1396 699 1461 741 vel
1482 699 1613 741 totius

180 773 423 814 comoediae
459 773 681 815 materiem
714 774 814 816 inde
850 775 908 816 sit
941 780 1166 817 mutuatus
1186 774 1217 828 Β,
1254 775 1343 829 ipse
1361 774 1612 816 mulieribus

180 847 246 890 vel
281 848 453 889 tantillo
486 849 623 904 magis
655 850 867 904 pepercitg
931 850 1061 890 immo
1094 849 1218 905 plura
1249 850 1290 890 in
1324 848 1612 904 Thesmopho-

180 923 358 965 riazusis
392 923 620 965 mulierum
652 923 819 979 flagitia
861 929 1135 966 recensentur
1181 938 1309 980 quam
1356 926 1398 966 in
1446 923 1611 966 eunctis

183 997 400 1052 Euripidis
418 997 592 1052 fabulis,
612 1004 661 1040 ut
683 1013 779 1041 vere
795 999 1073 1041 observatum
1106 1014 1131 1041 a
1165 999 1389 1052 Barnesio,
1409 997 1612 1040 acerrimo

180 1074 330 1129 tragici
362 1079 679 1130 propugnatore
701 1076 729 1116 ³.

224 1175 231 1193 ¹
279 1174 362 1207 Rau.
386 1184 435 1206 vs.
462 1176 545 1207 1053
569 1185 654 1216 sqq.:

641 1234 871 1275 ἀποκρύπτειν
895 1236 958 1275 χρὴ
983 1236 1019 1265 τὸ
1046 1235 1195 1275 πονηρὸν
1221 1235 1281 1266 τόν
1306 1248 1338 1277 γε
1366 1234 1522 1273 ποιητὴν,

305 1295 358 1325 καὶ
383 1296 428 1335 μὴ
454 1295 618 1336 παράγειν
641 1294 719 1334 μηδὲ
745 1293 921 1325 διδάσκειν·
947 1297 1020 1331 τοῖς
1042 1296 1104 1335 μὲν
1128 1296 1190 1335 γὰρ
1216 1294 1442 1335 παιδαρίοισιν

305 1353 374 1384 ἔστι
399 1352 596 1390 διδάσκαλος
621 1352 712 1390 ὅστις
736 1353 865 1394 φράζει,
889 1355 960 1390 τοῖς
985 1353 1116 1393 ἡβῶσιν
1139 1353 1170 1385 δὲ
1196 1354 1343 1392 ποιηταί.

220 1411 354 1444 Addere
378 1411 469 1443 lubet
492 1411 592 1452 Soph.
618 1411 758 1442 Philoct.
782 1420 829 1443 vs.
853 1412 918 1445 387
941 1421 1006 1453 sq.:

782 1469 810 1501 oi
836 1469 862 1501 δ’
885 1469 1113 1511 α’κοσμοῦντες
1136 1470 1271 1513 βροτῶν

433 1529 642 1562 διδασκάλων
664 1531 792 1572 λόγοισι
815 1530 993 1571 γίγνονται
1017 1530 1123 1561 κακοί.

218 1590 344 1621 Locum
367 1599 385 1621 e
408 1589 509 1622 Ranis
524 1589 660 1620 allatum
683 1588 813 1620 videtur
837 1588 869 1619 in
886 1595 996 1621 mente
1019 1588 1168 1621 habuisse
1192 1590 1234 1621 K.
1260 1589 1300 1622 O.
1323 1590 1446 1622 Miiller
1468 1589 1526 1622 Gr.
1542 1590 1606 1620 Lit.

177 1650 228 1687 11,
251 1659 325 1691 pag.
348 1649 429 1685 240,
451 1658 525 1680 cum
559 1649 605 1680 ita
626 1649 795 1680 scriberet:
836 1649 940 1680 “Man
965 1658 1055 1680 muss
1082 1649 1258 1689 gestehen‚
1282 1650 1355 1680 dass
1378 1649 1436 1680 der
1470 1649 1607 1681 Dichter

174 1708 242 1740 “im
279 1708 434 1740 Hinblick
472 1708 530 1739 auf
559 1708 649 1739 seine
683 1708 817 1749 Gegner
851 1708 898 1739 oft
922 1708 1050 1739 besscre
1071 1709 1263 1750 Principien
1288 1709 1321 1740 in
1344 1708 1476 1740 Betreff
1503 1709 1608 1740 dieses

175 1767 326 1799 “Punkts
353 1767 552 1808 ausspricht,
576 1766 624 1798 als
647 1776 683 1798 er
706 1767 739 1798 in
763 1767 876 1798 seinen
899 1766 1045 1799 Stiicken
1069 1767 1170 1798 selbst
1191 1767 1438 1809 walin-gemacht
1460 1768 1550 1799 hat.''

220 1824 234 1845 ²
276 1827 413 1858 Praeter
447 1825 824 1866 Thesmophoriazusas,
847 1825 941 1866 cujus
967 1825 1094 1857 fabulae
1117 1826 1271 1866 inprimis
1294 1827 1468 1858 videantur
1492 1837 1538 1858 vs.
1561 1828 1604 1858 85

176 1893 208 1917 et
236 1886 302 1917 385
331 1895 416 1927 sqq.,
440 1895 501 1917 nec
523 1895 588 1916 non
611 1886 676 1917 455
699 1894 759 1926 sq„
783 1885 823 1916 ad
847 1885 1017 1925 Euripidis
1040 1886 1263 1927 μισογυιέίαν
1287 1885 1453 1926 pertinent
1485 1885 1548 1916 loci
1572 1886 1603 1916 in

176 1946 362 1987 Lysistrata
385 1954 432 1975 vs,
456 1945 521 1976 283
544 1950 577 1975 et
598 1944 664 1976 369
688 1954 735 1985 sq.

219 2004 232 2024 ³
276 2005 347 2036 Vit.
384 2004 463 2036 Eur.
500 2014 571 2044 cap.
607 2005 642 2035 4:
679 2003 867 2034 “fatendum
903 2010 968 2038 est,
1000 2004 1033 2034 in
1064 2003 1416 2044 Thesmophoriaznsis
1447 2012 1602 2036 nontam

177 2063 411 2105 “Euripidem,
445 2063 602 2094 adversus
631 2073 728 2104 quem
753 2063 868 2094 drama
891 2062 973 2093 illud
997 2063 1183 2094 institutum
1208 2070 1357 2104 putatur,
1381 2074 1476 2104 quarn
1501 2071 1602 2096 totum

176 2123 376 2155 “femineum
412 2131 515 2163 genus
549 2122 635 2154 hunc
666 2122 828 2153 comicum
854 2122 1077 2163 perstringere
1100 2122 1221 2160 videri,
1245 2124 1400 2164 peculiari
1423 2124 1484 2154 sibi
1506 2125 1603 2156 cavil-

176 2182 284 2214 “landi
319 2182 509 2213 charactere
546 2191 638 2213 usum
674 2189 708 2214 et
741 2183 831 2223 quasi
865 2183 965 2223 genio
988 2193 1045 2214 suo
1067 2183 1356 2216 obsecundantem.
1401 2184 1492 2216 Dum
1515 2185 1603 2215 enim

176 2241 389 2282 “Euripidem
422 2251 441 2272 a
464 2240 654 2272 mulieribus
688 2241 943 2273 condemnatum
978 2242 1073 2282 fingit
1106 2243 1201 2283 quod‘
1220 2244 1260 2274 de
1284 2243 1323 2273 iis
1347 2243 1431 2274 male
1455 2253 1541 2275 esset
1571 2245 1601 2275 in

176 2302 264 2334 “suis
297 2301 473 2342 tragoediis
506 2300 653 2338 locutus,
689 2301 791 2332 multo
827 2301 919 2342 plura
949 2301 1044 2332 istius
1072 2311 1169 2333 sexus
1201 2302 1326 2343 flagitia
1359 2303 1392 2333 in
1421 2304 1518 2334 unica
1547 2304 1603 2335 illa

176 2362 363 2394 “comoedia
396 2361 520 2402 profert
553 2370 649 2402 quam
687 2362 718 2392 in
753 2361 901 2392 omnibus
936 2361 1003 2392 suis
1037 2362 1212 2403 tragoediis
1245 2363 1420 2403 Euripides
1459 2373 1602 2404 unquam

177 2420 445 2458 '‘memoraverit;
479 2427 576 2460 atque
611 2420 659 2451 ita
691 2421 884 2461 Euripidem
919 2422 1102 2452 accusando
1135 2421 1294 2459 absolvit,
1331 2423 1483 2454 mulieres
1519 2433 1597 2454 vcro

175 2480 359 2512 '‘laudando
396 2479 648 2520 excusandoque
685 2480 829 2511 maxime
867 2480 1053 2521 denigrat.''
1085 2498 1124 2503 —
1156 2481 1271 2519 (Plane
1308 2483 1391 2513 idem
1426 2483 1545 2514 dieitur
1583 2494 1600 2513 a

180 2540 220 2571 K.
244 2539 274 2573 O
309 2539 432 2571 Miiller
455 2538 516 2570 Gr.
542 2539 821 2580 Litcraturgcsch.
846 2540 893 2575 11,
919 2551 984 2580 pag
1019 2541 1107 2579 245.)

222 2600 260 2631 In
292 2599 444 2630 mulieres
482 2598 612 2639 scripsit
645 2608 741 2639 porro
776 2599 990 2640 Lysistratam
1026 2606 1060 2630 ct
1092 2600 1347 2637 Ecclesiazusas,
1381 2611 1519 2641 quarum
1558 2602 1599 2632 fu-

179 2659 327 2690 bularum
367 2658 424 2690 illu
466 2668 577 2699 pacem
622 2659 847 2695 commendat,
892 2658 1011 2699 passim
1058 2666 1165 2690 tumen
1203 2662 1343 2701 arreptis
1381 2661 1603 2692 occasionibus

179 2717 350 2749 vellicandi
375 2717 546 2749 femineam
584 2717 830 2759 impudicitiam,
865 2717 948 2748 lianc
988 2728 1067 2749 vero
1109 2728 1172 2749 non
1206 2718 1269 2748 ulio
1303 2720 1437 2750 consilio
1478 2721 1604 2752 xiiletur

177 2777 393 2818 composuisse
421 2786 517 2818 quam
552 2785 588 2808 ut
623 2777 775 2808 mulieres
806 2777 1040 2818 spectatoribus
1081 2778 1275 2808 deridendam
1319 2779 1505 2820 propinaret
1567 2782 1602 2811 ln

182 2835 270 2868 l'luti
293 2845 418 2876 quoque
449 2843 539 2876 parte
565 2835 680 2867 ultima
707 2847 761 2867 cas·
789 2837 913 2868 duriter
936 2843 1062 2868 tractat.
1090 2837 1226 2868 Praeter
1261 2838 1428 2869 libidinem
1455 2841 1603 2879 inprimis

179 2906 289 2927 emmim
314 2896 538 2927 temulentiam
560 2897 714 2936 castigat;
740 2896 802 2926 vid.
827 2896 960 2927 Thesm.
985 2906 1030 2926 vs.
1055 2896 1119 2926 (130
1141 2905 1221 2936 sqq..
1244 2897 1307 2927 «392
1330 2906 1395 2937 sqq.
1421 2905 1480 2929 etc.
