1956 3346
971 210 1024 231 ·)·›

972 236 1023 246 ω’-

291 332 468 375 sentiret
499 347 581 372 non
613 332 754 385 palam
787 344 915 372 ausus
948 335 1014 371 est
1042 329 1284 381 ostendere,
1323 328 1395 369 sed
1422 328 1706 382 praeceptoris

291 408 573 462 Anaxagorae
590 406 834 447 calamitate
851 404 1041 445 monitus
1055 437 1065 456 ,
1085 403 1252 444 cautius
1270 417 1367 444 suas
1386 402 1437 444 (le
1454 403 1578 444 rebus
1596 402 1707 444 divi-

293 483 357 524 nis
381 482 602 537 opiniones
622 480 796 531 velavit,
812 494 888 521 nee
907 479 990 520 nisi
1007 478 1157 520 furtim
1171 481 1214 519 et
1229 492 1302 532 per
1314 478 1516 533 ambages
1528 477 1708 519 subinde

292 557 499 613 expressit
520 557 542 597 ¹.
598 556 709 597 Deos
742 555 839 596 illos
872 568 976 609 quos
1007 553 1310 595 contemnebat
1327 559 1401 594 ant
1416 553 1566 594 saltem
1583 553 1710 606 plane

292 632 412 683 alios,
437 644 564 685 quan]
582 630 746 671 solebat
764 629 935 684 vulgus,
953 628 1034 670 sibi
1053 627 1291 682 cogitabat,
1316 627 1358 667 in
1374 627 1603 681 tragoediis
1622 626 1710 667 suis

292 706 416 761 plane
452 704 556 746 tales
591 703 786 745 exhibuit
815 702 962 758 quales
986 701 1204 757 popularis
1223 700 1711 756 mythologiadepinge-

291 781 365 821 bat.
381 780 408 820 2.
446 779 567 821 Fecit
601 779 732 834 igitur
766 778 807 818 id
837 777 949 833 quod
968 777 1010 818 in
1031 776 1154 818 rebus
1172 775 1422 831 theologicis
1441 789 1524 816 non
1544 775 1605 817 ita>
1621 790 1712 817 raro

294 864 437 899 nostra
481 872 648 913 quoque
691 862 829 897 aetate
871 855 963 897 fieri
995 854 1215 896 videmus:
1251 868 1416 895 servare
1449 859 1491 894 et
1523 853 1713 895 venerari

294 933 516 975 videbatur
563 931 682 983 aliis,
730 935 772 972 et
815 930 896 972 sibi
943 930 1025 984 ipsi
1074 928 1278 980 fortasse,
1313 943 1420 983 quae
1452 942 1597 969 revera
1628 942 1712 968 non

294 1009 412 1050 flocci
457 1007 691 1062 pendebat3
739 1011 781 1047 et
824 1006 902 1046 hae
935 1004 1107 1060 quidem
1143 1004 1186 1044 in
1219 1011 1363 1058 parte,
1404 1018 1499 1045 cuin
1533 1004 1714 1045 caruerit

294 1084 475 1125 candore
522 1088 564 1124 et
615 1082 766 1124 falsam
816 1081 1030 1136 quandam
1081 1080 1265 1134 speeiem
1309 1094 1407 1133 prae
1449 1094 1493 1120 se
1544 1079 1714 1131 tulerit,

295 1159 402 1200 mihi
442 1158 611 1200 videtur
655 1157 920 1212 culpandus,
964 1155 1235 1210 caeteroquin
1270 1154 1395 1196 facile
1427 1170 1479 1196 ex
1513 1155 1715 1196 hodierna

295 1233 513 1288 cogitandi
546 1232 710 1273 ratione
742 1229 1028 1272 absolvendus
1064 1229 1322 1284 impietatis,
1358 1229 1471 1285 quod
1498 1244 1583 1271 non
1611 1230 1716 1271 satis

296 1309 455 1351 veritus
501 1309 557 1350 sit
604 1307 882 1362 olympicolas
926 1306 1141 1359 crudeles,
1186 1305 1396 1360 impuros,
1432 1306 1714 1360 impotenteS,

298 1384 445 1439 quales
478 1399 503 1425 a
538 1383 711 1425 Graecis
746 1381 1043 1424 adorabantur.

356 1460 531 1501 Etenim
564 1473 695 1514 quum
714 1472 881 1512 semper
897 1457 1179 1512 improbanda
1197 1456 1253 1498 sit
1276 1456 1351 1497 illa
1373 1456 1507 1497 animi
1529 1456 1717 1498 conditio

297 1549 380 1590 qua
411 1535 538 1575 homo
572 1533 675 1588 quid
708 1532 813 1574 velit
845 1536 887 1573 et
920 1546 1002 1586 quo
1035 1531 1185 1572 tendat
1218 1531 1361 1572 haeret
1398 1531 1607 1583 incertus,
1641 1546 1716 1573 ceu

299 1610 436 1652 viator
468 1609 511 1650 in
545 1608 670 1650 trivio
703 1607 906 1649 dubitans
941 1621 1025 1661 qua
1056 1606 1209 1648 semita
1241 1606 1322 1647 sibi
1356 1606 1411 1647 sit.
1438 1606 1717 1660 pergendum,

300 1692 391 1727 tum
437 1684 636 1740 Euripidi
685 1682 881 1738 inprimis
935 1681 1172 1736 perniciosa
1213 1680 1320 1732 fuit,
1364 1684 1536 1735 propter
1581 1695 1717 1735 genus

298 1775 471 1816 poeseos
516 1761 629 1816 quod
668 1760 749 1801 sibi
785 1759 972 1813 elegerat
1010 1756 1304 1798 excolendum.
1375 1755 1466 1796 Hoc
1498 1754 1720 1810 aliquanto

299 1837 471 1878 uberius
514 1850 724 1891 exponere
767 1835 819 1875 ab
865 1837 1120 1888 argumento
1167 1831 1294 1885 hujus
1328 1830 1572 1884 scriptionis
1605 1829 1720 1871 hand

300 1912 488 1953 alienum
522 1911 640 1952 duco.
697 1909 865 1964 Quippe
899 1921 1030 1962 quum
1063 1907 1375 1961 Aristophanes
1394 1913 1436 1946 et
1454 1905 1720 1960 impietatem

303 1987 521 2042 Euripidis
556 1991 599 2028 et
631 1986 720 2041 ejus
756 1984 967 2026 rationem
986 1982 1227 2037 tragoedias
1245 1981 1429 2022 faciendi
1449 1981 1722 2035 vituperarit,

302 2077 384 2101 non
417 2061 557 2103 audax
591 2061 694 2101 mihi
729 2059 897 2100 videtur
928 2057 1196 2111 conjectura,
1231 2056 1439 2098 cornicum
1459 2055 1611 2108 illum,
1637 2069 1720 2096 non

302 2136 443 2177 minus
476 2135 691 2177 oculatum
726 2149 853 2190 quarn
888 2132 1082 2173 hodierni
1109 2131 1437 2183 sunthoinines,
1456 2129 1723 2185 perspexisse

345 2307 351 2326 ¹
401 2307 600 2347 “Euripides
635 2307 699 2337 und
731 2307 952 2347 Anaxagoras
976 2305 1171 2346 verkniipste
1195 2306 1251 2336 das
1277 2305 1370 2336 Band
1395 2305 1486 2335 einer
1512 2303 1725 2343 Philosophio

301 2366 450 2398 “welche
473 2366 624 2407 geachtet
647 2367 712 2396 und
740 2366 934 2397 sehiiehtern
959 2366 1010 2396 ihr
1034 2364 1243 2397 Geheimniss
1268 2373 1324 2394 vor
1348 2364 1422 2394 dem
1447 2362 1722 2403 argiviihnischen

299 2426 411 2456 “Volk
437 2425 635 2456 bewahrte.''
660 2425 783 2456 Bernh.
809 2426 841 2456 ll.
867 2435 931 2466 pag
969 2426 1043 2456 401.

340 2485 351 2504 ²
399 2485 538 2516 Nullum
575 2484 722 2524 profecto
758 2485 865 2515 minus
890 2490 1078 2516 reverenter
1101 2494 1199 2525 qnam
1227 2483 1404 2514 Herculem
1429 2482 1600 2518 tractavit,
1623 2490 1722 2522 quein

299 2547 329 2576 in
367 2544 536 2576 Alces-tide
571 2544 767 2575 offendimus
802 2545 979 2576 voracitate
1015 2544 1179 2585 insignem
1215 2549 1245 2573 et
1271 2550 1338 2582 post
1362 2542 1475 2573 erebra
1499 2541 1724 2581 poeulajnSm

301 2605 504 2641 hilariorem;
542 2605 574 2635 in
610 2604 709 2645 Syleo
739 2613 866 2644 quoque
897 2605 1056 2636 Hercules
1081 2606 1151 2640 τοῖς
1174 2603 1298 2641 plano«,-
1323 2603 1435 2642 χλωρὰ
1460 2600 1529 2631 σῦκ’
1553 2599 1721 2636 ἐπήσθιεν,

301 2664 416 2704 ἄμουσ’
442 2664 611 2701 ὑλακτῶν,
637 2664 704 2701 (vd.
731 2664 886 2704 Meynek.
913 2664 1031 2694 Exere.
1058 2662 1144 2693 Phil.
1171 2663 1185 2693 Ι
1212 2670 1286 2701 pag.
1310 2661 1353 2692 22
1376 2670 1434 2700 sq.,
1451 2661 1490 2690 ad
1507 2659 1631 2690 Athen.
1654 2657 1725 2688 VH

300 2733 375 2762 pag.
405 2724 469 2756 276
495 2723 530 2761 f)
555 2722 618 2753 Sed
643 2733 741 2762 quum
770 2723 910 2754 Alcestis
946 2723 1017 2753 loco
1042 2721 1174 2762 satyrici
1199 2722 1273 2750 data
1297 2720 1337 2750 sit
1363 2719 1459 2756 (cons,
1486 2729 1583 2758 supra
1606 2719 1679 2749 adn.
1709 2719 1719 2748 1

301 2782 339 2811 ad
376 2792 447 2822 pag.
483 2784 527 2820 5),
563 2781 677 2822 Syleus
716 2792 790 2813 vero
823 2782 892 2813 sine
929 2781 1027 2812 dnbio
1069 2780 1245 2820 satyricum
1281 2781 1395 2809 drama
1431 2778 1544 2809 fuerit.
1585 2776 1635 2807 hic
1660 2786 1724 2806 non

300 2841 411 2877 numici
448 2851 587 2871 canones·
622 2848 693 2871 sunt
727 2841 898 2871 adhibendi
937 2850 1038 2880 neque
1068 2840 1106 2869 «lv
1142 2841 1274 2870 deornm
1309 2844 1473 2869 contemtu
1499 2837 1636 2867 nimium
1662 2836 1722 2866 crit

300 2901 510 2939 ‹pu-rendum,
