1956 3346
970 209 1021 246 24

292 331 564 386 potissimum
608 331 733 373 debet
777 330 998 371 ostendere
1051 328 1286 370 infortunia
1337 328 1519 369 virorum
1574 340 1710 381 neque

294 420 465 460 prorsus
499 406 725 457 malorum,
761 404 801 445 id
836 404 948 444 enim
985 418 1059 445 nee
1082 402 1400 444 miserationem
1420 416 1494 442 nee
1513 400 1708 441 timorem

293 487 493 534 moveret,
543 495 677 534 neque
710 493 881 534 prorsus
915 479 1121 519 bonorum
1167 478 1406 530 (ἐπιεικῶν),
1455 476 1564 516 istuc
1595 474 1710 516 enim

294 555 492 596 horribile
553 555 742 609 (μιαρὸν)
791 558 913 595 esset.
982 553 1234 593 Miseremur
1276 556 1418 593 autem
1467 552 1710 597 insontium,

292 630 493 671 timemus
541 642 673 684 quum
718 627 945 670 consimiles
989 629 1120 668 nostri
1159 625 1275 667 duris
1318 625 1487 667 casibus
1519 624 1713 665 videmus

503 705 510 726 Ι

294 705 474 746 exerceri
517 738 525 746 .
584 704 739 745 Exitus
774 703 942 744 fabulae
974 708 1065 744 esto
1099 700 1274 753 infelix,
1310 715 1393 741 non
1427 705 1597 755 propter
1619 713 1712 753 per-

296 779 543 821 versitatem
578 779 652 820 sed
682 783 855 833 propter
887 791 1088 832 magnam
1123 775 1338 831 quandam
1370 775 1539 829 eulpam
1565 779 1593 815 ⁶2.

357 854 405 894 In
452 854 517 894 his
561 868 668 909 quae
712 853 940 894 numinum
983 851 1189 892 habeatur
1232 849 1339 891 ratio
1372 863 1454 890 non
1490 849 1715 890 obscurum

298 937 374 970 est.
411 928 632 970 Miseratio
665 929 799 970 oritur
831 941 962 982 quum
996 926 1190 967 videmus
1222 924 1416 966 hominos
1454 925 1601 977 bonos,
1627 937 1718 964 ma-

295 1018 425 1058 gnos,
481 1002 717 1044 laudabiles
765 1001 1083 1044 calamitatibus
1136 1001 1268 1042 obrui.
1336 1000 1379 1041 Si
1414 1005 1556 1041 autem
1591 988 1717 1054 plane

298 1078 469 1119 innocui
502 1081 647 1119 essent
678 1082 720 1119 et
753 1077 912 1132 absque
944 1076 1062 1117 omni
1095 1090 1171 1117 sua
1203 1075 1328 1130 culpa
1362 1080 1448 1116 tam
1472 1074 1613 1116 tristia
1629 1073 1720 1114 fata

300 1158 560 1208 paterentur,
610 1165 955 1194 succenseremus
998 1150 1080 1192 diis
1127 1154 1202 1191 aut
1248 1150 1389 1192 nullos
1437 1164 1529 1191 esse
1573 1156 1722 1203 putare

302 1228 650 1270 sollicitaremur:
705 1231 930 1282 propterea
985 1226 1130 1267 heroes
1191 1225 1279 1266 sint
1323 1225 1467 1280 aliqua
1507 1239 1557 1266 ex
1604 1231 1723 1279 parte

302 1308 458 1345 sontes.
520 1304 650 1344 Porro
693 1302 961 1344 recordemur
1003 1315 1172 1343 neeesse
1204 1305 1287 1353 est,
1322 1301 1470 1342 eadem
1506 1300 1569 1341 vel
1605 1298 1725 1341 simi-

307 1380 366 1421 lia
407 1379 645 1420 infortunia
686 1378 809 1420 nobis
843 1392 1011 1433 quoque
1042 1391 1167 1431 posse
1199 1376 1412 1426 accidere,
1446 1391 1542 1418 cum
1576 1380 1618 1417 et
1645 1375 1726 1430 ipsi

307 1455 442 1496 simus
483 1454 700 1506 homines,
745 1467 926 1507 eumque
958 1451 1206 1507 praesertim
1242 1465 1366 1493 nemo
1399 1451 1452 1492 ab
1485 1450 1599 1491 omni
1634 1449 1727 1491 labe

311 1544 354 1571 se
400 1543 553 1584 purum
600 1528 717 1569 sciat.
785 1527 957 1569 Similes
1003 1527 1136 1582 igitur
1168 1527 1329 1580 nostri,
1369 1526 1450 1568 etsi
1483 1526 1605 1567 nobis
1638 1539 1728 1566 ma-

303 1606 444 1660 jores,
490 1604 592 1646 dum
641 1604 684 1644 in
733 1618 858 1645 scena
902 1603 1096 1645 videmus
1141 1602 1266 1644 malis
1312 1602 1469 1656 affligi,
1519 1602 1728 1643 sentimus

309 1684 477 1722 mutato
520 1679 693 1721 nomine
735 1679 785 1720 (le
824 1678 945 1720 nobis
978 1677 1293 1733 quodammodo
1328 1677 1487 1719 narrari
1520 1677 1727 1727 fabulam;

311 1756 439 1797 timor
460 1757 475 1780 ³
508 1754 719 1797 excitatur
750 1769 802 1796 ne
835 1754 982 1795 eadem
1015 1768 1122 1809 quae
1156 1753 1199 1794 in
1234 1753 1354 1806 illos,
1391 1753 1430 1793 in
1466 1767 1542 1794 nos
1565 1766 1732 1808 quoque

311 1831 504 1872 saeviant
548 1830 747 1879 numina,
782 1844 910 1884 quam
944 1829 1090 1884 exigui
1122 1829 1255 1870 simus
1289 1828 1520 1881 disc-imus,
1556 1843 1580 1869 a
1613 1828 1732 1870 theo-

311 1906 478 1948 machia
522 1905 803 1958 deterremur,
838 1909 887 1946 ut
919 1905 1025 1946 vitia
1058 1909 1203 1946 nostra
1235 1905 1495 1959 corrigamus
1529 1904 1732 1945 admone-

313 1995 421 2034 mur,
457 1986 498 2023 et
531 1981 591 2023 sio
623 1981 676 2023 ad
708 1980 932 2022 hominum
966 1980 1307 2029 emendationem
1338 1979 1522 2020 multum
1547 1979 1734 2021 conferre

313 2072 437 2112 posse
469 2058 757 2113 tragoediam,
794 2058 955 2113 liquido
987 2062 1118 2113 patet.

376 2133 458 2175 Sed
502 2134 537 2175 si
578 2134 757 2175 numina
799 2134 949 2185 tollas,
998 2134 1032 2174 si
1069 2133 1259 2188 Olympii
1294 2133 1336 2174 in
1374 2133 1507 2174 nubes
1540 2139 1581 2173 et
1613 2145 1736 2172 auras

317 2212 575 2250 evanescant
612 2208 676 2249 vol
711 2208 764 2250 ad
796 2223 932 2250 meras
966 2207 1161 2250 notiones
1191 2207 1508 2263 philosophicas
1541 2206 1738 2261 redigan-

319 2289 401 2335 tur,
456 2298 591 2339 neque
630 2284 720 2338 jam
763 2299 892 2339 supra
938 2284 1133 2325 homines
1177 2288 1294 2325 extet.
1341 2289 1531 2338 potestas
1575 2289 1740 2337 praeter

319 2373 484 2400 caecam
517 2359 732 2401 fortunam
769 2360 833 2401 vel
868 2360 1045 2401 ferream
1083 2359 1406 2411 necessitatem,
1439 2359 1480 2400 in
1513 2357 1740 2412 propatulo

365 2546 373 2565 ¹
422 2547 516 2578 l'oet.
539 2548 587 2578 13:
613 2547 629 2576 ὀ
642 2549 701 2588 μὲν
714 2550 777 2589 γὰρ
792 2549 893 2587 (ἕλεος
907 2548 1074 2588 nimimm)
1090 2549 1161 2588 περὶ
1179 2549 1238 2579 τὸν
1250 2547 1389 2583 ἀνάξιόν
1402 2548 1490 2578 ,ἔστιν
1503 2547 1743 2586 (Τινστινχοῑψπα.

320 2607 335 2635 ιί
359 2606 388 2636 δὲ
417 2606 546 2647 (nempe
571 2605 691 2646 φόβος)
718 2608 787 2647 rupi
814 2609 874 2638 τὸν
899 2607 1023 2647 ὅμωιυν.

365 2664 377 2684 ²
423 2665 506 2696 Ibid.
531 2666 576 2706 μή
601 2665 653 2696 διὰ
678 2666 864 2706 μοχθηρίαν
888 2665 977 2695 ἀλλὰ
1003 2665 1040 2695 δι’
1066 2666 1236 2706 ἁμαρτίαν
1258 2667 1407 2707 μεγάλην

365 2725 376 2741 ³¹
421 2724 504 2756 Cum
543 2726 660 2755 rimmo
696 2724 812 2763 (ιϊιψκ)
848 2734 912 2755 ηοη
947 2724 1196 2755 confundendus
1232 2731 1277 2755 est
1317 2729 1427 2753 tvm-111·
1457 2723 1614 2762 (seht-ilffi
1640 2730 1745 2754 terror

323 2783 409 2813 enim
435 2793 498 2814 non
523 2784 671 2814 diversus
695 2790 741 2814 est
767 2794 785 2813 a
809 2784 1031 2814 misericordia
1054 2794 1150 2824 quam
1176 2793 1254 2823 erga
1279 2783 1358 2813 alios
1381 2783 1547 2819 sentimus,
1575 2783 1606 2812 'm
1633 2783 1747 2813 timore

327 2852 404 2872 vero
439 2853 495 2873 nos
530 2844 615 2883 ἥρως
650 2843 855 2882 respa-inm.
893 2850 924 2873 nt
953 2842 1119 2872 verissime
1144 2843 1328 2882 expositum
1354 2853 1370 2871 τι
1399 2842 1567 2881 Lessingio
1594 2843 1624 2871 in
1650 2851 1747 2882 opere

329 2903 423 2932 1110th
447 2902 586 2933 laudato.
