1956 3346
984 180 1036 217 (34

301 307 453 347 Nonne
498 317 677 345 naevum
723 314 889 356 quoque
931 299 1120 340 dicemus
1161 297 1203 336 in
1249 309 1417 350 corpore
1448 293 1624 348 pulchro
1657 294 1718 334 in-

300 380 599 435 tempestivam
633 391 776 419 curam
811 372 1176 429 Agamemnonis,
1210 372 1297 426 qui,

824 449 927 490 dum
957 450 1155 502 pugnant
1191 459 1348 500 rexque
1380 449 1601 499 paterque,

429 530 679 582 diverseque
712 525 890 567 trahunt
920 536 1055 564 unum
1089 521 1172 561 duo
1211 518 1386 560 nomina
1415 524 1588 574 pectus,

300 606 350 646 de
394 602 656 645 astronomia
699 599 863 641 seilicet
900 597 1135 649 sollicitus,
1184 608 1337 635 nomen
1383 593 1553 647 stellae,
1594 609 1719 649 quam

301 694 428 734 supra
466 684 596 732 caput
643 676 783 729 videt,
830 686 1083 728 cognoscere
1112 670 1278 711 laborat
1299 669 1320 709 ¹.
1389 668 1537 710 Unum
1567 668 1719 709 addam

300 752 546 808 exemplum
592 749 879 806 philosophici
925 746 1058 789 studii
1107 743 1475 800 importunissime
1515 743 1721 797 adhibiti,

300 844 352 870 ex
399 826 620 882 tragoedia
659 823 894 879 Euripidea
939 836 1047 878 quae
1088 825 1232 863 tamen
1271 820 1382 860 inter
1414 818 1601 873 optimas
1628 817 1723 872 jure

300 908 564 956 recensetur,
621 901 858 956 Hippolyto
905 898 1124 940 nimirum.
1190 895 1384 937 Phaedra
1431 894 1531 947 illa,
1578 907 1722 948 quani,

302 979 481 1022 Veneris
528 976 724 1033 potentia
761 975 1008 1027 vecordem,
1053 988 1077 1014 a
1107 970 1382 1027 philosophia
1413 969 1724 1011 alienissimam

301 1054 482 1107 dixeris,
530 1056 678 1094 contra
716 1049 935 1091 “insanire
972 1053 1096 1103 parat
1126 1049 1241 1088 certa
1271 1045 1435 1086 ratione
1468 1044 1722 1099 modoquefi'

302 1130 411 1172 Mihi
445 1128 618 1185 quidem
656 1126 852 1181 ineptum
889 1124 1084 1177 videtur,
1120 1122 1234 1177 quod
1274 1120 1551 1163 semimortua
1581 1134 1723 1161 amore

301 1208 343 1246 et
374 1203 564 1259 plurium
597 1201 763 1242 dierum
801 1199 968 1252 inedia,
1003 1202 1231 1254 postquam
1276 1211 1401 1252 aegre
1442 1200 1485 1237 et
1519 1196 1723 1250 tergiver-

302 1282 445 1320 santer
483 1277 665 1332 pectoris
714 1276 781 1318 sui
827 1289 1027 1317 arcanum
1079 1273 1274 1316 confessa
1313 1276 1400 1326 est,
1449 1286 1542 1313 ecee
1583 1270 1725 1313 nescio

301 1368 385 1409 qua
427 1357 518 1395 arte
558 1352 601 1393 in
644 1351 951 1407 philosophum
988 1364 1212 1403 conversa,
1247 1347 1416 1390 refectis
1449 1347 1591 1389 subito
1624 1345 1724 1387 viri-

301 1429 380 1471 bus
427 1433 469 1470 et
515 1428 607 1470 sine
659 1427 793 1468 nimio
844 1425 979 1467 animi
1026 1429 1168 1478 motu,
1215 1423 1306 1466 edit
1336 1423 1513 1478 longam
1547 1435 1724 1476 eamque

302 1505 622 1560 γνωμικωτὰτηυ
670 1503 902 1544 orationem
954 1501 1006 1543 de
1050 1500 1212 1555 optimo
1252 1499 1378 1540 modo
1417 1497 1572 1539 amoris
1609 1511 1723 1538 com-

302 1580 501 1636 pescendi
539 1586 619 1630 (vs.
656 1578 927 1633 373—430),
960 1577 1073 1618 bona
1104 1590 1204 1617 sane
1241 1578 1467 1629 praecepta
1498 1573 1720 1615 continen—

302 1661 415 1709 tem,
449 1654 681 1696 dummodo
714 1668 766 1694 ne
798 1667 848 1694 ex
883 1651 1100 1693 Phaedrae
1135 1664 1203 1691 ore
1248 1649 1508 1691 audirentur.
1560 1648 1726 1702 Exspe-

303 1736 439 1774 ctares
471 1744 564 1772 ean]
587 1727 664 1778 ἤδη
694 1728 784 1770 ποτ’
816 1727 962 1774 ἄλλως
992 1727 1139 1773 νυκτὸς
1170 1728 1211 1767 ἐν
1242 1728 1380 1780 μακρῷ
1408 1725 1551 1780 χρόνῳ
1569 1737 1655 1764 nou
1677 1722 1728 1763 de

303 1805 610 1863 philosophicis
651 1803 975 1860 quaestionibus
1020 1802 1095 1844 sed
1133 1801 1271 1856 magis
1313 1801 1364 1842 de
1402 1801 1560 1855 juvene
1603 1812 1728 1854 quem

304 1881 524 1937 deperibat
585 1879 866 1934 cogitavisse3
924 1878 1020 1933 jure
1072 1877 1182 1918 illud
1233 1877 1346 1932 quod
1411 1876 1517 1916 dicit-
1572 1873 1728 1916 nutrici

306 1959 388 2011 (vs.
445 1957 574 2011 518):
628 1953 780 2010 δέδοιχ’
835 1956 951 2001 ὅπως·
995 1972 1063 2006 μοι
1106 1954 1158 2006 μὴ
1205 1952 1302 1994 λίαν
1345 1955 1475 2007 φανῇς
1520 1952 1644 2006 σοφή,
1685 1949 1725 1989 in

306 2033 443 2088 ipsam
485 2031 734 2085 detorquere
763 2028 926 2084 possis!
993 2028 1211 2079 Quantum
1255 2029 1423 2067 mutata
1466 2029 1532 2067 est
1572 2024 1727 2079 frigida

306 2108 408 2149 haec
457 2106 499 2147 in
545 2120 671 2147 scena
713 2103 922 2159 magistra
954 2104 1006 2144 ab
1040 2102 1116 2144 illa
1148 2116 1275 2158 quam
1315 2106 1404 2143 tam
1436 2100 1610 2156 egregia
1640 2106 1729 2141 arte

306 2182 495 2237 primum
538 2180 797 2235 produxerat
838 2184 965 2233 poeta
1008 2191 1149 2219 amore
1191 2177 1469 2229 languentem
1514 2181 1556 2217 et
1596 2190 1730 2231 paene

306 2256 518 2298 furentem
552 2254 795 2296 mulierem!

370 2330 453 2373 Sed
486 2345 539 2371 ne
572 2330 615 2370 in
649 2329 844 2384 ingrato,
880 2343 963 2384 quo
996 2343 1109 2370 nunc
1141 2327 1322 2382 fungor,
1344 2327 1532 2369 censoris
1555 2340 1729 2369 munere

310 2407 484 2448 modum
529 2406 753 2458 excedam,
792 2406 917 2460 plura
950 2419 1034 2446 non
1068 2404 1241 2446 afferam
1274 2403 1484 2458 exempla,
1517 2406 1728 2444 caeterum

309 2482 517 2524 facillima
547 2481 751 2535 collectu‚
786 2496 883 2522 011111
918 2481 987 2521 vix
1022 2479 1111 2520 ulla
1143 2479 1200 2520 sit
1231 2479 1391 2534 pagina
1424 2476 1653 2532 Euripiden
1686 2476 1727 2515 in

357 2687 364 2705 ¹
412 2686 599 2716 Videantur
633 2684 729 2725 primi
767 2693 881 2714 versus
912 2683 1103 2724 Iphigeniae
1127 2683 1335 2720 Aulidensis,
1359 2682 1450 2723 cujus
1473 2681 1603 2712 initium
1626 2686 1729 2712 caete-

312 2747 425 2787 roquin
450 2745 628 2776 multarum
652 2743 835 2774 fabularum
860 2742 1113 2783 Euripidearum
1137 2742 1335 2783 expositioni
1361 2746 1525 2782 praestare
1550 2741 1628 2771 mihi
1643 2741 1730 2772 vide-

315 2813 382 2842 tur,
413 2804 472 2835 etsi
496 2813 559 2834 non
583 2802 692 2833 nescio
715 2811 810 2842 quam
835 2801 963 2832 diverse
987 2801 1159 2833 statuerint
1182 2801 1242 2831 viri
1266 2801 1350 2832 docti
1375 2802 1413 2831 de
1438 2801 1496 2832 hoc
1520 2801 1669 2839 exordio;
1693 2801 1733 2831 cs.

314 2864 394 2904 Cap.
418 2863 509 2894 VIII
535 2862 618 2892 med.
