1956 3346
716 578 946 628 CAPUT
985 577 1095 625 ΙΙΙ.

576 716 804 748 immunes
856 686 1251 759 πολυμῆχανῡς.

431 899 447 950 ξ
490 900 522 938 l.
590 894 888 949 Aristophanis
920 894 997 935 loci
1026 893 1101 934 lem:
1121 895 1387 947 pertinentes.

255 1087 461 1129 Ardorem
495 1084 709 1139 poeticum
744 1097 813 1124 ine
840 1082 856 1136 j
867 1081 988 1123 udice
1008 1080 1194 1123 defuisse
1218 1078 1412 1134 Euripidi
1433 1078 1613 1120 ostendi.

200 1162 325 1205 Unde
358 1162 439 1204 tria
472 1160 577 1202 mihi
609 1159 809 1201 videntur
839 1157 1043 1213 explicari
1076 1170 1212 1212 posse.
1278 1155 1423 1196 Primo
1445 1154 1615 1210 quidem

198 1238 296 1280 inde
329 1236 588 1291 intelligitur
620 1249 693 1277 cur
726 1248 812 1276 non
844 1247 1003 1275 novum
1033 1247 1169 1288 genus
1200 1231 1340 1286 poesis
1367 1229 1618 1281 condiderit,

196 1313 270 1355 sed
305 1311 544 1368 tragoedias
578 1309 890 1365 composuerit,
925 1309 972 1349 τὰ
1002 1310 1172 1362 μέγιστα
1202 1311 1342 1347 tamen
1376 1312 1448 1354 τῆς
1464 1324 1620 1361 τραγῳ-

197 1386 310 1436 δικῆς
347 1390 497 1443 τέχνης
533 1385 794 1442 παραλιπών,
829 1388 877 1425 ut
908 1382 1220 1437 Aristophanes
1253 1381 1363 1422 dixit
1384 1381 1410 1433 ¹,
1447 1379 1538 1431 vel,
1575 1385 1621 1420 ut

197 1461 441 1517 Agathonis
476 1458 634 1502 verba‘2
665 1459 719 1500 ad
752 1473 849 1500 eum
884 1458 1181 1512 detorqueam:

409 1537 456 1578 τὸ
485 1539 558 1588 μὲν
587 1536 803 1591 πάρεργον
833 1534 960 1589 ’ἔργον
990 1531 1047 1580 ὣς
1077 1534 1348 1585 ποιούμενος,

409 1607 455 1646 τὸ
486 1602 520 1647 δ’
550 1604 676 1660 ἔργον
707 1604 765 1653 ὡς
793 1604 1010 1659 πάρεργον
1041 1603 1357 1655 ἐκπονούμενος·

200 1675 263 1717 De
292 1674 370 1716 hac
401 1688 445 1716 re
471 1673 562 1729 jam
597 1672 786 1715 vidimus
807 1674 834 1714 ²³.
882 1671 1046 1714 Deinde
1069 1670 1476 1727 111ειπολυμηχανῑα,
1494 1682 1621 1724 quam

197 1749 361 1804 passim
394 1748 706 1803 Aristophanes
737 1748 776 1790 ei
809 1747 957 1803 objicit
976 1748 1007 1800 ⁴,
1043 1746 1151 1788 mihi
1179 1746 1279 1787 hinc
1295 1744 1424 1786 fluere
1438 1743 1618 1786 videtur.

197 1825 337 1867 Tertio
363 1824 455 1867 loco
485 1839 538 1867 ex
563 1824 711 1866 codem
733 1823 853 1866 fonte
868 1837 1089 1865 emanasse
1106 1821 1288 1864 arbitror
1300 1820 1622 1876 πολυγνωμικὸι·

199 1899 332 1954 illud,
378 1899 542 1954 ῥήσεων
574 1899 695 1941 illam
728 1899 993 1951 ubertatem,
1027 1896 1179 1939 multis
1211 1896 1430 1938 laudatam
1464 1892 1538 1935 sed
1571 1892 1623 1933 al»

199 1974 489 2030 Aristophane
520 1988 646 2030 saepe
677 1973 949 2016 acerbissime
979 1972 1174 2014 derisam.

257 2049 358 2092 Jam
389 2048 508 2105 prius
540 2048 592 2090 de
623 2048 949 2105 πολυμηχανίας
978 2046 1156 2089 crimine
1187 2059 1379 2101 agamus.

261 2123 515 2179 Complures
547 2127 650 2166 sunt
681 2122 763 2165 loci
798 2122 841 2163 in
874 2121 1179 2177 Aristophanis
1213 2120 1371 2163 fabulis
1401 2119 1473 2161 ubi
1495 2117 1621 2158 Euri-

202 2200 312 2256 pidis
355 2198 544 2253 carpitur
590 2197 725 2239 nimia
768 2195 997 2239 calliditas.
1063 2200 1317 2252 Πανοῦργός
1361 2195 1416 2236 ἰ1)ἰ
1449 2192 1623 2238 audit-³,

202 2274 490 2332 peritissimus
522 2277 594 2315 τοῦ
625 2272 840 2329 τεχνάζειν
859 2272 889 2308 ⁰·
925 2270 1217 2326 Praeceptoris
1248 2270 1434 2313 Socratis
1459 2268 1624 2311 vafrum

248 2431 254 2450 ¹
303 2430 384 2461 Rau.
410 2440 456 2460 vs.
483 2429 576 2460 1494.

245 2489 258 2509 ²
303 2489 426 2528 Athen.
450 2488 495 2525 V,
520 2497 594 2528 pag.
623 2488 681 2518 185
702 2497 729 2519 a.

246 2551 258 2567 ἕ*
303 2550 411 2589 Supra
431 2558 504 2589 pag.
528 2549 570 2579 34
593 2557 659 2588 sqq.

247 2607 258 2627 ⁴
303 2607 509 2648 Quamquam
544 2607 602 2637 hac
635 2606 774 2637 dictione
812 2606 1050 2646 Aristophanes
1087 2615 1251 2646 nunqnam
1284 2611 1330 2634 cst
1363 2613 1457 2635 usus;
1487 2601 1539 2631 «cd
1566 2609 1626 2629 non

203 2673 252 2699 est
273 2667 352 2704 alia,
374 2677 457 2708 quae
481 2666 611 2701 vitium,
637 2665 734 2697 rotie-i
757 2666 796 2697 ab
820 2677 856 2696 νυ
880 2666 1094 2706 increpitum,
1117 2665 1199 2696 adeo
1222 2665 1261 2695 ad
1286 2672 1429 2701 unguem
1454 2660 1630 2701 exprimat.

249 2727 261 2745 ⁵
306 2727 387 2759 Rau.
414 2737 459 2758 vs.
483 2727 536 2762 80,
564 2727 654 2758 1520.

249 2784 262 2803 ⁶
306 2785 504 2827 Thesmoph.
531 2795 576 2816 vs.
599 2786 640 2815 94
666 2784 886 2816 Mnesilochus
909 2785 954 2815 sic
977 2785 1016 2816 dc
1040 2794 1074 2815 se
1098 2791 1129 2815 ct
1156 2783 1327 2824 Euripide:

504 2847 562 2876 τοῦ
588 2846 650 2886 γὰρ
675 2845 845 2885 τεχνάζειν
868 2844 1022 2884 ἡμέτερος
1046 2844 1062 2873 ὁ
1089 2846 1272 2883 πυραμοῦς.

208 2906 241 2935 ‹i.
266 2914 291 2935 e.
319 2914 392 2936 nam
427 2906 460 2934 in
491 2905 668 2935 certamin(
703 2904 874 2942 vafrorum
903 2905 1110 2934 iure-ntorum
1141 2902 1230 2932 'iubis
1254 2901 1392 2932 dantur
1413 2910 1599 2940 prnsmeum
1623 2912 1628 2928 ο
