1956 3346
901 206 950 243 Tu

964 329 1118 375 mimum
1152 326 1232 381 γὰρ

214 410 258 445 ut
291 417 384 445 cuni
436 402 646 456 Aeschylo
682 402 828 458 loquar
860 402 1096 448 (I’rometli.
1135 417 1192 443 vs.
1232 403 1313 442 ⁴385
1349 416 1435 455 sq.)

433 477 652 533 αἴσχιστον
683 479 785 519 εἶναι’
815 489 910 533 φημι
943 478 1168 525 συνθέτυυς
1198 478 1378 531 λόγους,

212 556 247 598 si
285 554 498 610 ejtismodi
533 554 690 595 finibus
725 554 969 596 inserviant.

272 630 354 673 Sed
394 629 526 671 etiam
576 630 646 671 ubi
692 644 774 670 nou
807 629 1075 685 disputatur,
1113 627 1184 668 illu
1218 627 1343 667 λαλιὰ
1383 625 1636 681 Euripiden,

214 718 331 747 amor
381 703 414 745 si
447 718 530 745 non
565 703 764 758 litigandi
796 710 840 745 at
872 708 983 744 certe
1017 701 1350 745 sermocinandi,
1378 702 1643 755 passiiuver-

223 780 363 831 uitur,
408 779 621 821 interdum
670 778 792 820 valde
836 779 1092 833 importune.
1159 777 1267 818 Mire
1307 776 1411 817 mihi
1447 776 1641 831 quidem,

220 861 268 898 ut
299 853 546 909 exemplum
577 853 777 904 afferam,
813 867 980 907 semper
1013 851 1236 906 displicuit
1270 850 1494 905 longitudo
1517 851 1644 892 orati-

216 932 310 974 onis
332 945 459 987 quam
489 930 530 971 in
558 929 804 971 Phoenissis
826 929 1008 970 nuncius
1033 928 1184 969 recitat
1210 934 1232 968 ¹.
1285 927 1394 968 Nam
1418 934 1644 981 postquam

220 1006 343 1061 epica
371 1007 564 1048 ubertate
595 1005 822 1060 descripsit
850 1005 1020 1060 clypeos
1054 1007 1136 1045 τῶν
1167 1005 1264 1045 ἑπτὰ
1298 1011 1339 1044 et
1359 1002 1645 1044 interminatis

218 1080 452 1123 verborum
484 1082 737 1137 ambagibus
770 1095 872 1123 usus
905 1085 990 1134 est,
1038 1080 1109 1122 vix
1152 1079 1325 1121 taudem
1367 1084 1565 1120 exoratus
1600 1084 1647 1118 ut

218 1156 350 1197 etiam
389 1156 441 1198 (le
479 1156 685 1198 ambobus
719 1156 921 1198 fratribus
955 1154 1123 1207 referat,
1148 1154 1297 1195 horum
1318 1153 1477 1195 instare
1497 1167 1645 1194 mono-

219 1229 435 1272 machiam
483 1230 611 1280 dicit;
660 1238 760 1272 tunc
802 1244 899 1271 vero
932 1236 979 1272 ut
1012 1235 1206 1285 properet
1239 1228 1291 1270 ad
1324 1227 1473 1283 proelii
1506 1227 1646 1269 locum

228 1305 430 1348 ‚Jocasten
453 1304 660 1360 impellit,
685 1319 791 1360 quae
814 1312 982 1358 tamen,
1008 1311 1055 1347 ut
1077 1303 1315 1359 exspectari
1340 1308 1505 1357 poterat
1526 1308 1647 1343 tanto

228 1381 432 1435 temporis
466 1379 605 1436 spatio
636 1379 902 1433 intermisso,
937 1394 1030 1421 sero
1063 1379 1192 1421 venit.
1249 1377 1353 1430 Quis
1377 1392 1461 1419 non
1486 1384 1646 1419 stoma-

229 1455 377 1497 chetur
416 1460 505 1497 tam
550 1454 668 1495 tardo
700 1458 740 1495 et
774 1454 939 1509 loquaci
973 1453 1156 1506 nuncio,
1189 1453 1261 1508 qui
1290 1452 1331 1493 id
1367 1467 1499 1494 unum
1535 1452 1645 1508 quod

226 1531 311 1573 cito
343 1530 566 1572 resciscere
600 1529 822 1581 intererat,
855 1529 978 1571 edere
1009 1532 1265 1571 cunctetur?
1330 1528 1370 1569 Is
1401 1528 1516 1570 enim
1545 1528 1648 1569 dum

223 1613 338 1649 totus
376 1610 441 1648 est
475 1605 519 1646 in
549 1605 783 1646 enarrando
814 1605 1074 1647 emblemata
1107 1604 1261 1660 quibus
1296 1604 1484 1646 hostium
1510 1603 1646 1658 clypei

223 1688 325 1723 sunt
366 1681 531 1732 ornati,
557 1680 764 1735 jugulant
796 1695 840 1722 se
873 1681 1055 1722 invicem
1093 1679 1318 1733 Polynices
1351 1685 1394 1721 et
1430 1679 1648 1729 Eteocles,

225 1773 360 1814 neque
394 1756 495 1798 fatis
525 1755 663 1810 magis
697 1770 825 1811 quam
857 1756 1029 1810 garrulo
1064 1755 1134 1797 isti
1171 1756 1366 1809 nugatori
1398 1754 1650 1810 imputanda

226 1839 292 1875 est
326 1846 405 1874 nex
444 1845 589 1874 eorum
621 1837 661 1872 et
693 1845 784 1872 sero
800 1830 1069 1873 advenientis
1088 1830 1251 1872 matris.
1272 1856 1328 1861 —
1349 1830 1650 1872 Imitandohie

231 1922 398 1964 quoque
441 1913 565 1962 poeta
594 1905 856 1960 Aeschylum
893 1905 1159 1958 aemulatur,
1194 1906 1307 1960 apud
1342 1920 1468 1961 quem
1506 1910 1648 1946 tamen

227 1982 382 2024 similis
427 1982 555 2037 longa
587 1981 817 2036 descriptio
851 1995 934 2022 non
965 1981 1094 2022 habet
1124 1981 1235 2036 quod
1271 1980 1482 2033 offendat,
1518 1994 1650 2035 quum

226 2071 311 2100 non
358 2072 406 2099 eo
450 2057 653 2112 temporis
694 2061 854 2111 puncto
896 2056 1136 2111 proferatur
1178 2071 1261 2111 quo
1293 2056 1414 2097 unice
1447 2055 1650 2097 festinato

227 2147 334 2188 opus
367 2133 424 2174 sit
444 2132 472 2174 ².
525 2133 664 2175 Multo
699 2147 822 2188 porro
855 2133 1000 2188 aptius
1025 2133 1290 2187 Aeschyleus
1315 2133 1497 2174 nuncius
1521 2146 1648 2187 quae-

228 2221 395 2263 cunque
425 2208 478 2249 ad
508 2208 696 2250 hostium
720 2208 854 2250 aciem
877 2213 920 2250 et
941 2209 1069 2250 duces
1088 2208 1307 2263 pertinent
1325 2206 1452 2249 refert
1471 2206 1651 2254 Eteocli‚

229 2282 296 2324 cui
329 2282 543 2324 incumbit
573 2282 794 2325 Thebanos
826 2284 1078 2339 προμάχους
1111 2282 1296 2337 singulis
1319 2282 1498 2324 ducibus
1520 2295 1651 2336 oppo-

231 2371 354 2410 nere,
399 2372 524 2413 quam
571 2358 697 2400 matri
741 2357 794 2400 de
833 2357 979 2399 liberis
1013 2357 1225 2400 sollicitae
1256 2357 1445 2412 ἅγγελος
1480 2355 1651 2411 Euripi-

231 2432 346 2475 deus.
414 2432 495 2474 Hic
542 2432 577 2474 si
622 2447 835 2489 unquam,
869 2447 1182 2488 praecessorem
1216 2446 1418 2488 superare
1451 2437 1649 2482 conatus,

235 2507 462 2563 Euripides
491 2507 652 2550 excidit
684 2508 800 2550 ausis
823 2512 851 2548 ³.

280 2604 285 2619 ⁸
334 2602 407 2632 Non
436 2602 532 2634 aliter
563 2602 684 2634 sentire
722 2601 960 2633 nemim-dium
988 2601 1089 2643 liquet
1110 2610 1152 2632 ex
1179 2601 1222 2632 l.l.
1250 2611 1322 2642 pag.
1358 2601 1436 2632 414:
1478 2601 1558 2630 “deu
1595 2599 1650 2629 Er-

232 2645 436 2702 ⁶‘ziihlungen
471 2661 647 2693 besonders
671 2662 851 2702 redseliger
872 2662 990 2693 Boten.
1007 2687 1011 2691 .
1028 2685 1035 2691 .
1066 2661 1160 2691 wird.
1177 2684 1204 2691 ..
1235 2661 1285 2691 eiu
1311 2669 1421 2691 ausser
1450 2658 1655 2690 Vcrhiiltnism

235 2718 374 2750 “broiter
399 2719 502 2752 Raum
530 2721 782 2761 zugestanden.''

279 2777 290 2796 '2
337 2778 456 2810 Aesch.
479 2780 566 2820 Sept.
591 2788 619 2810 c.
641 2779 745 2812 Theb.
771 2789 816 2810 vs.
840 2779 1024 2813 375-652.

277 2835 290 2855 ³
337 2836 498 2869 Mulierus
522 2837 593 2876 (Gr.
620 2838 898 2878 Litemturgesch.
927 2838 978 2872 11.
1003 2847 1076 2877 pag.
1102 2837 1172 2874 148)
1190 2837 1319 2868 statuit.
1335 2834 1525 2875 Euripidem
1541 2834 1572 2865 in
1588 2835 1651 2865 Ae-

237 2895 339 2936 schyli
375 2895 482 2927 sabula
516 2896 728 2937 improbam.
763 2898 845 2937 quod
881 2897 1003 2937 proelio
1038 2895 1179 2926 uon-lum
1221 2895 1300 2925 iuito
1324 2895 1362 2924 de
1390 2899 1510 2933 septem
1536 2892 1652 2924 ducum
