1956 3346
960 214 1013 251 44

277 335 426 377 cienda
473 335 708 390 praebetis,
755 338 942 387 caetera,
990 333 1110 375 illinc
1152 334 1465 389 quodammodo
1508 341 1692 383 remota,

276 425 406 452 manu
449 410 604 451 leviore
641 408 846 450 tractatis.
912 408 1060 463 Neque
1093 407 1136 448 in
1169 407 1263 450 luce
1295 412 1337 450 et
1368 408 1519 449 umbra
1551 408 1694 463 dispo-

278 485 428 526 nendis
461 484 686 539 quicquam
724 482 844 524 vobis
878 481 1045 524 cautius
1067 482 1230 523 vitatur
1251 497 1376 537 quam
1396 482 1551 524 vitium
1570 483 1692 535 illud,

277 560 388 615 quod
422 557 644 600 vernacule
677 557 847 612 propria
876 571 976 599 voce
996 559 1006 583 ¹
1026 556 1254 612 appellatis
1272 589 1283 611 ,
1310 557 1489 599 Latinae
1511 558 1694 599 versioni

276 634 418 675 minus
474 637 575 688 apta
631 632 705 674 sed
759 646 848 674 rem
894 632 1078 688 perbene
1120 632 1387 686 exprimente
1435 633 1532 683 (nec
1583 632 1694 674 male

277 708 580 750 nonnullarum
629 707 849 763 Euripidis
880 707 1125 748 fabularum
1157 707 1363 748 mendum
1395 706 1690 762 designante),

275 797 358 839 quo
390 782 500 825 oculi
535 782 783 835 turbantur,
817 781 987 823 nullum
1020 780 1160 822 locum
1194 780 1461 822 invenientes
1491 794 1574 836 quo
1596 795 1695 836 prae

275 858 450 900 caeteris
483 857 727 899 alliciantur
759 861 802 898 et
832 856 907 898 ubi
939 856 1218 912 requiescant.
1285 855 1450 897 Eadem
1484 855 1629 897 valent
1644 856 1695 897 de

277 934 327 975 iis
371 947 538 989 quoque
584 932 688 974 artis
735 931 933 987 operibus
979 945 1086 986 quae
1128 946 1213 973 non
1247 931 1380 973 oculis
1414 931 1488 972 sed
1520 930 1694 972 auribus

276 1010 341 1051 vel
388 1008 519 1051 etiam
569 1007 660 1049 sola
704 1013 849 1048 mente
881 1006 1203 1062 percipiuntur,
1237 1006 1434 1061 inprimis
1468 1010 1611 1048 autem
1644 1005 1695 1047 de

275 1089 364 1126 arte
398 1084 585 1139 tragica,
621 1097 750 1139 quam
783 1087 989 1125 vocarunt
1019 1082 1233 1137 picturam
1265 1096 1287 1123 e
1320 1081 1460 1123 verbis
1493 1084 1693 1123 constan-

275 1165 387 1213 tem,
440 1164 488 1201 ut
533 1158 694 1213 pictam
739 1156 932 1198 tabulam
978 1171 1131 1211 poema
1174 1155 1385 1198 coloribus
1431 1169 1691 1210 expressum.

277 1233 375 1275 Una
427 1234 484 1275 sit
527 1247 617 1286 res,
668 1246 779 1273 unus
826 1230 959 1284 μῦθος
1002 1231 1075 1286 qui
1107 1235 1281 1286 agatur,
1315 1244 1401 1271 una
1432 1243 1613 1284 persona
1643 1229 1697 1270 ad

274 1322 401 1364 quam
445 1306 671 1362 praecipue
715 1305 772 1347 sit
811 1305 1146 1358 attendendum,
1192 1310 1235 1347 et
1266 1304 1385 1360 cujus
1418 1319 1541 1346 casus
1574 1303 1696 1345 nobis

273 1382 389 1425 cordi
406 1382 514 1432 sint3
536 1380 750 1436 “denique
767 1379 824 1421 sit
841 1379 1010 1435 quidvis
1028 1379 1212 1434 simplex
1229 1379 1442 1421 duntaxat
1458 1385 1501 1421 et
1516 1379 1695 1421 unum.”

276 1457 321 1499 Si
362 1457 445 1499 duo
482 1456 641 1498 mortui
686 1454 815 1497 simul
857 1460 959 1496 suut
987 1454 1209 1509 plorandi,
1242 1458 1387 1496 utrum
1420 1454 1563 1509 potius
1595 1453 1696 1495 flea—

274 1547 369 1574 mus
401 1532 625 1574 haeremus
659 1529 811 1571 incerti
843 1535 885 1571 et
901 1529 1081 1571 fortasse
1102 1528 1290 1570 lacrimis
1314 1529 1490 1570 omnino
1505 1528 1695 1570 abstine-

274 1607 428 1648 bimus.
496 1606 540 1648 Si
584 1606 726 1661 plures
776 1610 878 1646 sunt
921 1605 1150 1658 amandae,
1197 1603 1498 1658 admirandae,
1542 1604 1697 1645 abhor—

275 1681 429 1723 rendae
473 1681 658 1736 tragicae
701 1694 927 1735 personae,
962 1679 1082 1721 nulla
1113 1679 1286 1734 penitus
1320 1684 1470 1734 tanget
1501 1684 1694 1721 nostrum

274 1756 490 1809 animum,
537 1761 578 1797 et
623 1754 799 1796 affectus
845 1754 889 1794 in
931 1754 1054 1795 nobis
1097 1754 1344 1796 evocabitur
1375 1757 1451 1795 aut
1481 1753 1588 1794 levis
1621 1759 1697 1794 aut

276 1831 431 1872 nullus.
500 1831 600 1873 Una
632 1833 723 1871 esto
755 1842 862 1883 quae
893 1828 1053 1883 primas
1091 1842 1236 1870 revera
1267 1832 1371 1884 agat
1397 1831 1556 1883 partes,
1577 1827 1697 1869 nulla

274 1906 423 1948 relicta
461 1904 731 1947 dubitatione
771 1917 915 1944 annon
949 1902 1054 1944 duos
1087 1903 1152 1944 vel
1186 1903 1330 1957 plures
1365 1902 1495 1944 etiam
1530 1905 1694 1958 specte-

274 1994 370 2021 mus
403 1978 769 2035 πρωταγωνιστάς.

336 2055 430 2096 Hac
474 2054 517 2094 in
550 2067 593 2094 re
626 2067 747 2094 verus
780 2056 907 2108 poeta
935 2067 1021 2094 non
1053 2052 1191 2107 magis
1222 2052 1379 2094 errabit
1410 2067 1538 2108 quam
1572 2067 1695 2094 verus

274 2131 411 2187 pictor
458 2128 524 2170 vel
569 2127 771 2169 musicus.
839 2127 902 2169 Ut
946 2141 1080 2168 unum
1123 2127 1299 2169 seminis
1338 2141 1521 2182 granum
1564 2135 1697 2168 terrae

274 2205 579 2256 commissum,
620 2202 693 2244 ubi
732 2202 892 2244 radices
925 2202 1039 2258 egit,
1072 2202 1117 2243 in
1148 2202 1309 2244 multos
1342 2201 1530 2244 ramulos
1562 2201 1696 2256 pluri-

275 2293 450 2334 mosque
493 2277 647 2319 florum
691 2276 853 2331 calyces
899 2291 943 2318 se
982 2277 1212 2331 diffundit,
1246 2277 1307 2319 sic
1338 2277 1382 2318 in
1415 2277 1559 2318 animo
1591 2276 1694 2318 boni

275 2354 451 2397 artificis
487 2352 711 2405 materies,
745 2366 872 2406 quam
907 2352 990 2394 sibi
1022 2352 1177 2407 elegit,
1201 2352 1323 2407 quasi
1345 2351 1485 2406 surgit
1501 2355 1545 2393 et
1564 2365 1694 2406 auge-

276 2429 379 2483 scit,
415 2432 512 2483 post
541 2428 651 2468 inter
684 2427 955 2469 tractandum
992 2428 1143 2469 crescit
1175 2427 1218 2468 in
1249 2441 1355 2482 opus
1370 2427 1562 2481 plenum,
1582 2425 1695 2467 mul-

277 2503 435 2559 tiplex,
485 2516 665 2556 magnae
710 2501 891 2543 fortasse
937 2501 1263 2556 amplitudinis,
1312 2501 1385 2542 sed
1429 2500 1490 2542 ita
1528 2513 1695 2555 quoque

277 2579 385 2619 inter
433 2592 477 2618 se
522 2576 772 2629 cohaerens,
818 2580 860 2617 et
902 2581 991 2618 tam
1043 2576 1371 2632 “prodigialiter
1411 2575 1600 2628 unum'’,
1648 2582 1696 2616 ut

277 2653 397 2694 nulla
439 2666 536 2707 pars
585 2650 678 2691 tolli
724 2651 861 2705 possit
903 2651 995 2694 sine
1036 2652 1168 2693 totius
1204 2651 1389 2706 corporis
1422 2649 1691 2692 detrimento.

278 2731 437 2770 (fontl'a
482 2726 663 2767 artifices
705 2725 777 2780 qui
823 2729 925 2767 sunt
965 2728 1247 2782 πονηροτέρου
1287 2728 1512 2780 κόμματος,
1553 2729 1694 2765 (Parent

319 2837 327 2857 ¹
374 2833 620 2868 ·¹R2mmelen.''
668 2833 884 2874 Aliquatenus
920 2840 1026 2864 lamen
1065 2832 1203 2864 conferri
1241 2839 1345 2872 potest
1371 2832 1505 2863 verbum
1542 2832 1695 2862 Latinum

275 2900 418 2927 lmrrae‘rc.
