1956 3346
865 552 1095 601 CAPUT
1134 552 1229 600 IV.

643 698 874 726 EURIPIDES
906 697 950 725 IN
983 697 1117 725 SCENA
1154 696 1460 724 PHILOSOPHUS.
1545 663 1570 712 ἱ

394 905 494 946 dam
538 905 592 946 ad
635 906 809 947 tertium
856 905 1008 946 vitium
1050 908 1315 946 transeamus
1350 904 1460 959 quod
1500 920 1520 945 c
1555 904 1756 959 languore

337 979 449 1033 ignis
495 979 650 1034 poetici
692 979 822 1022 fluere
858 979 947 1020 dixi
982 980 1131 1034 (supra
1163 993 1259 1034 pag.
1297 980 1398 1033 350:
1433 979 1756 1034 πολυγυωμικὸν

336 1053 471 1107 illud,
516 1053 679 1110 ῥήσεων
722 1053 1116 1109 philosophicarum
1154 1053 1197 1094 in
1231 1053 1320 1107 ejus
1356 1052 1585 1108 tragoediis
1619 1052 1754 1093 abun-

335 1128 551 1183 dantiam,
599 1144 705 1184 quae
750 1144 774 1171 a
817 1129 966 1170 multis
1004 1143 1128 1183 saepe
1165 1129 1339 1170 laudata
1369 1128 1443 1170 sed
1474 1127 1754 1182 Aristophani

334 1204 545 1246 derisione
576 1204 707 1259 digna
739 1204 830 1245 visa
861 1208 937 1246 est.

394 1281 445 1321 In
486 1282 588 1321 noto
633 1279 851 1321 Ranarum
893 1278 987 1320 loco
1020 1278 1248 1333 Euripides
1284 1293 1405 1320 suam
1438 1278 1606 1320 fabulas
1640 1293 1754 1320 com-

332 1354 520 1409 ponendi
563 1354 774 1396 rationem
819 1354 1087 1408 describens,
1133 1368 1236 1409 ego,
1281 1353 1410 1408 dicit,
1452 1354 1534 1395 arti
1571 1353 1755 1409 tragicae

333 1429 519 1471 subduxi
551 1430 734 1471 nimium
771 1434 983 1471 tumorem
1002 1429 1313 1483 Aeschyleum,
1339 1429 1477 1486 χυλὸν
1496 1428 1636 1477 διδοὺς
1654 1448 1755 1470 στω-

329 1503 576 1558 μυλμάτων,
616 1504 715 1547 ἀπὸ
744 1503 995 1560 βιβλίων
1026 1503 1198 1553 ἀπηθῶν
1233 1505 1313 1556 (VS.
1352 1506 1472 1560 943).
1540 1503 1659 1545 Libri
1691 1503 1754 1544 illi

330 1579 552 1635 Euripidis
586 1580 741 1621 iterun]
775 1584 1001 1622 occurrunt
1033 1594 1091 1620 vs.
1131 1580 1264 1632 1409,
1298 1579 1370 1620 ubi
1402 1578 1641 1633 Aeschylus
1660 1593 1753 1633 per—

331 1669 457 1709 quam
506 1655 685 1710 superbe
730 1655 856 1708 dicit,
894 1655 976 1696 tria
1006 1670 1084 1696 sua
1120 1655 1247 1696 verba
1279 1655 1315 1696 si
1348 1654 1457 1696 libra
1486 1655 1749 1709 pendantur,

329 1729 468 1784 majus
512 1729 710 1771 habitura
753 1730 922 1785 pondus
963 1744 1091 1785 quain
1134 1729 1423 1771 adversarium
1456 1743 1552 1770 cum
1586 1727 1751 1769 familia

330 1819 407 1845 sua
439 1809 481 1846 et
517 1808 608 1847 tota
640 1820 717 1847 sua
748 1805 1009 1847 bibliotheca
1041 1805 1164 1846 alteri
1188 1804 1299 1846 lanei
1321 1803 1584 1858 impositum.
1639 1803 1749 1845 Con-

330 1884 417 1920 stat
448 1887 593 1922 autem
625 1881 753 1922 etiam
789 1880 984 1933 aliunde,
1022 1880 1201 1934 (Athen.
1239 1879 1355 1934 Epir.
1394 1879 1430 1931 I,
1464 1893 1559 1932 pag.
1599 1879 1659 1931 3),
1684 1893 1748 1919 re-

329 1970 427 1996 vera
459 1956 712 2011 Euripidem
745 1956 1086 2011 colligendorum
1124 1955 1330 1996 librorum
1362 1954 1488 1995 valde
1508 1953 1748 1995 studiosum

328 2029 482 2086 fuisse,
517 2034 560 2072 et
592 2031 658 2073 vel
689 2031 877 2086 primum
901 2031 1096 2072 extitisse
1117 2030 1187 2085 qui
1213 2030 1424 2085 privatam
1443 2029 1747 2071 bibliothecam

330 2106 513 2148 haberet.
578 2106 728 2161 Neque
771 2107 1056 2148 dubitandum
1100 2110 1166 2147 est
1207 2105 1309 2161 quin
1344 2105 1492 2147 sedulo
1524 2105 1576 2146 iis
1609 2105 1748 2146 subsi-

329 2181 412 2223 diis
446 2182 665 2225 doctrinae
694 2196 798 2225 usus
831 2182 911 2232 sit3
947 2186 1077 2223 testes
1110 2186 1213 2222 sunt
1244 2180 1404 2235 passim
1437 2180 1528 2234 ejus
1561 2179 1745 2233 fabulae,

328 2271 425 2298 cum
467 2257 565 2312 plus
609 2257 743 2298 nimio
785 2272 807 2299 e
837 2256 1051 2298 veteribus
1085 2255 1345 2297 membranis
1379 2254 1583 2296 hausisse.
1649 2254 1746 2294 Tra-

326 2331 500 2387 goedias
533 2347 630 2374 cum
663 2333 943 2374 meditaretur
972 2346 1057 2372 non
1076 2336 1247 2372 secutus
1266 2333 1332 2371 est
1349 2343 1519 2371 auream
1538 2328 1745 2383 regulam,

326 2421 434 2462 quae
463 2407 702 2463 antiquitus
735 2421 867 2462 acque
899 2406 1033 2448 valuit
1064 2420 1111 2447 ac
1146 2405 1291 2446 hodie:

387 2482 642 2524 “Materiem
676 2497 727 2524 cx
759 2482 984 2523 hominum
1019 2481 1160 2522 media
1192 2481 1318 2522 modo
1342 2481 1499 2522 sumite
1520 2480 1608 2520 vita
1628 2480 1686 2526 ¹”.

326 2557 399 2599 scd
442 2557 585 2612 potius
616 2557 725 2598 inter
758 2557 978 2598 thesauros
1013 2555 1265 2597 eruditionis
1308 2570 1412 2611 quos
1452 2555 1532 2596 sibi
1566 2555 1743 2609 conqui-

326 2633 484 2674 siverat
529 2631 712 2685 dcgcns,
762 2632 894 2672 vitam
944 2636 987 2673 et
1035 2631 1230 2672 homines
1276 2646 1297 2672 c
1328 2630 1611 2672 bibliothecae
1644 2646 1743 2672 suae

370 2747 376 2765 ¹
424 2746 552 2778 “Greist
588 2756 649 2776 nur
684 2745 791 2775 hincin
823 2746 871 2775 ins
908 2745 991 2775 volle
1016 2744 1322 2775 Menschcnlcben.''
1369 2743 1502 2782 (Goeth.
1524 2745 1625 2775 Faust.
1647 2745 1743 2785 prol.)

327 2807 360 2836 ῐιι
398 2805 642 2836 narratiuncula
676 2804 759 2845 apud
795 2804 867 2834 Val.
903 2803 1086 2834 Maximum
1124 2803 1194 2838 111.
1231 2805 1249 2836 7
1270 2802 1373 2842 jactat
1398 2812 1431 2833 sc
1456 2813 1586 2844 operam
1611 2805 1686 2835 dare
1711 2811 1744 2834 ut

322 2866 476 2906 populum
500 2866 630 2896 doceat.
658 2875 718 2893 nau
748 2867 779 2892 ul
804 2863 846 2892 ab
871 2874 904 2892 1¹0
929 2863 1048 2893 ‹lisa-al.
