1925 3377
888 204 928 242 ll

203 334 440 384 temporum
477 327 665 369 moribus
700 341 873 381 prorsus
904 340 987 367 non
1022 324 1268 377 ferendum,
1303 326 1413 380 quod
1452 326 1621 380 Euripi-

202 404 267 445 dis
311 402 495 445 humiles
546 401 709 443 natales
742 409 783 442 ct
815 400 1050 442 domestica
1081 400 1303 442 calamitas
1339 400 1622 455 praebuerunt

202 479 422 521 materiem
455 478 825 520 acerbissimorum
859 475 1160 517 conviciorum.
1212 474 1388 526 Quoties
1410 475 1446 516 ei
1471 489 1620 529 expro-

202 554 324 595 brata
367 559 433 595 est
479 559 615 594 mater
660 552 774 594 olera
822 552 1048 593 venditans
1101 551 1239 601 Clito,
1291 551 1504 604 “agrestis
1553 551 1626 592 illa

203 629 326 681 dea”,
360 628 472 670 unde
507 630 726 682 “agrestes
760 642 858 668 suos
892 627 1059 667 mores''
1094 625 1330 674 duxerat¹;
1356 639 1626 680 quamsaepe

202 703 391 759 apertius
430 685 703 744 obscuriusve
736 702 788 743 ad
823 703 965 743 uxoris
1001 701 1297 743 infidelitatem
1332 700 1488 743 alludit
1528 702 1626 742 Ari-

204 778 458 833 stophanes‚
495 791 643 831 parum
677 790 838 818 memor
872 791 1021 818 aureae
1055 775 1224 830 regulae
1247 790 1376 831 quam
1397 775 1436 817 in
1460 776 1592 817 nanis
1613 776 1626 795 ⁹

204 858 292 895 tam
323 851 509 907 graviter
541 850 630 893 edit
662 851 921 905 Aeschylus:
958 852 1111 894 “decet
1145 858 1314 906 poetam
1349 866 1431 892 non
1457 852 1627 907 quidvis

207 929 398 982 effutire,
450 928 523 970 sed
575 942 682 983 quae
732 927 872 982 turpia
920 932 1021 968 sunt
1067 926 1273 968 oblivioni
1307 926 1450 967 (13η).Η
1516 926 1628 967 Talis

206 1005 358 1046 modus
392 1004 681 1046 adversarium
717 1002 1001 1058 opprimendi,
1037 1001 1264 1043 hodiernae
1296 1016 1380 1056 qua
1395 1001 1630 1056 gloriamur

207 1079 438 1122 urbanitati
473 1093 718 1134 repugnans
743 1078 779 1131 ⁸,
809 1077 992 1133 judicari
1025 1077 1150 1118 debet
1184 1076 1331 1118 habita
1353 1075 1629 1132 antiquorum

207 1170 374 1198 morum
418 1156 606 1205 ratione3
653 1154 891 1209 cogitemus
925 1167 1081 1209 quaeso
1123 1159 1285 1208 quanta
1321 1152 1435 1207 apud
1469 1159 1631 1195 veteres

208 1232 338 1274 fuerit
380 1230 546 1273 dicendi
593 1230 793 1278 libertas,
838 1235 1128 1285 quantamque
1173 1228 1370 1283 inprimis
1417 1227 1459 1269 in
1507 1243 1634 1270 scena

209 1307 371 1349 comica
402 1306 620 1348 licentiam
642 1304 866 1346 offenderit
884 1304 1196 1358 Aristophanes
1221 1303 1247 1344 ⁴.
1284 1302 1472 1345 Fortiter
1493 1303 1635 1346 odisse

210 1382 378 1437 antiqui
424 1381 618 1422 homines
667 1380 782 1421 laudi
828 1379 1069 1431 duxerunt,
1115 1393 1249 1433 neque
1295 1378 1485 1433 profecto
1525 1379 1634 1421 hanc

211 1457 380 1499 laudem
413 1455 693 1511 Aristophani
727 1455 911 1496 abnuere
941 1469 1184 1510 possumus.

273 1532 356 1574 Ubi
399 1531 492 1587 jam
537 1530 789 1586 descripturi
838 1544 986 1572 sumus
1032 1537 1074 1571 et
1123 1530 1397 1585 dijudicatur-i
1444 1546 1492 1572 ea
1528 1546 1635 1586 quae

214 1606 522 1663 Aristophanes
571 1605 725 1661 objecit
772 1605 992 1659 Euripidi,
1040 1619 1124 1647 non
1170 1611 1313 1660 potest
1360 1606 1463 1661 quin
1511 1621 1636 1661 aegre

214 1684 399 1726 feramus
443 1682 555 1738 quod
598 1681 818 1736 utriusque
863 1680 1023 1736 scripta
1063 1695 1148 1722 non
1186 1681 1313 1722 modo
1348 1695 1430 1723 non
1467 1682 1635 1737 integra

215 1759 270 1801 ad
302 1772 378 1801 nos
410 1761 715 1814 pervenerunt,
749 1755 822 1797 sed
853 1755 981 1810 longe
1014 1756 1202 1796 maxima
1233 1769 1379 1797 eorum
1402 1771 1499 1811 pars
1526 1764 1634 1798 tem-

218 1834 332 1890 poris
364 1833 522 1890 injuria
553 1831 674 1874 nobis
707 1836 773 1873 est
804 1831 985 1872 sublata.
1053 1828 1177 1872 Nunc
1210 1830 1322 1872 enim
1358 1845 1440 1872 non
1476 1846 1636 1886 paucae

219 1909 512 1952 accusationes
556 1905 855 1949 tantummodo
889 1919 940 1947 ex
976 1905 1174 1947 brevibus
1207 1905 1485 1960 fragmentis,
1524 1907 1638 1962 apud

219 1985 472 2029 scholiastas
514 1983 719 2034 servatis,
767 1981 962 2036 dignosci
1008 1987 1050 2022 et
1097 1981 1302 2023 illustrari
1336 1991 1540 2036 possunt3
1575 1982 1638 2024 fa-

263 2134 272 2154 ¹
298 2135 444 2167 Acharn.
481 2135 562 2169 457.
585 2133 666 2170 4783
690 2133 800 2174 Equit.
831 2133 870 2164 18
892 2143 954 2173 sq.;
979 2132 1178 2173 Thesmoph.
1202 2133 1286 2167 387,
1309 2133 1389 2167 455;
1414 2133 1535 2164 Ranar.
1560 2133 1640 2167 840;

219 2193 264 2225 cs.
294 2195 391 2226 etiam
415 2193 615 2234 Thesmoph.
640 2194 704 2224 910
726 2203 799 2224 eum
824 2192 932 2224 Schol.

263 2252 276 2272 ²
300 2253 383 2285 Ran.
408 2253 491 2285 1054
514 2262 561 2294 sq.

265 2312 278 2330 ³
300 2312 352 2344 “11
376 2312 440 2343 faut
461 2321 583 2342 avouer
605 2321 667 2352 que
690 2312 737 2342 les
760 2311 913 2342 allusions
935 2311 955 2340 'a
978 2311 1008 2342 la
1034 2311 1216 2352 profession
1239 2311 1279 2341 dc
1302 2311 1332 2342 la
1351 2311 1436 2342 mere
1449 2312 1642 2353 d'Euripidc

225 2378 319 2406 “sont
352 2372 551 2404 miseramus.
595 2371 679 2413 Qu'y
702 2372 785 2402 a-t-il
809 2381 849 2402 en
874 2371 949 2402 effet
970 2371 1009 2402 de
1032 2371 1167 2412 piquant
1190 2373 1210 2402 a
1233 2370 1383 2411 rappeler
1406 2371 1460 2412 qu'
1485 2371 1642 2412 Euripide

223 2436 292 2465 “est
326 2432 376 2463 fils
408 2432 504 2463 d'une
540 2431 747 2462 verduriere?
792 2430 958 2469 Qu'est-ce
992 2440 1053 2471 que
1087 2430 1155 2462 cela
1194 2437 1273 2471 peut
1309 2424 1508 2461 enlever‘au
1534 2431 1645 2461 merin-

225 2493 285 2523 “dn
323 2492 425 2533 grand
459 2490 575 2532 poete?
621 2491 723 2522 Entre
756 2491 844 2521 deux
883 2490 1028 2520 hommes
1062 2500 1103 2521 ou
1139 2491 1225 2521 deux
1257 2490 1368 2521 arbi-es
1391 2491 1470 2521 dont
1495 2491 1540 2521 les
1565 2492 1645 2521 tetes

226 2558 320 2584 “sont
334 2562 375 2584 an
399 2553 504 2583 meme
529 2551 664 2586 niveau.
689 2553 790 2581 est-ce
813 2559 875 2590 que
902 2549 986 2580 celui
1009 2549 1064 2590 qui
1078 2556 1150 2590 part
1162 2550 1201 2580 de
1216 2549 1288 2590 plus
1302 2549 1357 2579 bas
1371 2549 1452 2580 n'est
1467 2560 1522 2590 pas
1536 2550 1643 2580 rcellc-

203 2619 335 2644 ‘··ment
357 2612 387 2642 lo
410 2611 482 2652 plus
509 2611 613 2652 grand
637 2611 694 2641 des
717 2610 821 2640 deux?
846 2608 939 2640 Ainsi
964 2608 1026 2639 l'on
1051 2609 1117 2639 doit
1140 2609 1346 2640 reconnaitre
1373 2608 1647 2649 qu·i‹·ilu1»cns.'·e

227 2671 506 2712 “d'Aristophane
528 2680 567 2701 ne
595 2676 671 2700 vaut
698 2678 753 2709 pas
777 2668 887 2699 mieux
910 2677 972 2708 quc
996 2678 1045 2699 ses
1068 2668 1295 2700 sentiments.''
1323 2686 1359 2690 —
1388 2669 1425 2699 Ε.
1452 2668 1647 2700 1)ο>ο1]ειηο1.

230 2720 352 2763 Fitudes
376 2740 431 2762 sur
454 2729 691 2770 Aristophane.
716 2738 790 2769 pag.
815 2727 890 2761 247.

271 2790 284 2809 ⁴
308 2789 390 2822 “Die
421 2789 548 2822 Grenze
570 2788 729 2819 zwischen
752 2789 825 2818 dem
851 2785 1028 2827 Cynismus
1056 2785 1113 2816 der
1137 2785 1283 2826 Gattung
1307 2786 1404 2816 selbst
1434 2787 1510 2817 und.
1529 2813 1531 2816 Α
1551 2814 1553 2816 .
1585 2788 1646 2819 den

228 2848 472 2888 '‘personlichen
508 2847 754 2880 Geschm'zicken
788 2846 846 2877 der
872 2845 1033 2877 Komiker
1066 2845 1105 2876 ist
1141 2845 1264 2876 schwer
1294 2855 1330 2874 zu
1357 2845 1582 2876 bestimmenx·
1607 2864 1646 2869 —

230 2907 408 2939 Bernhard.
439 2917 501 2947 pag
538 2907 611 2938 621.
