1956 3346
957 193 1010 229 §lo

271 312 330 354 ita
363 316 410 353 ut
442 311 618 352 habeam
653 310 896 362 verisimile,
930 314 1122 365 poetam,
1158 314 1367 353 recentem
1409 310 1607 366 injuriam
1639 312 1691 353 al)

267 402 398 430 uxore
439 387 527 439 (vel
574 385 798 437 uxoribus)
853 399 1127 440 perpessum,
1174 387 1253 427 toti
1299 386 1527 428 mulierum
1572 387 1693 428 sexui

269 463 431 505 bellum
480 461 707 514 indixisse,
757 467 825 513 et,
872 474 947 515 pro
996 475 1072 502 suo
1118 459 1282 515 ῥήσεων
1328 462 1495 515 studio,
1546 462 1693 504 sedulo

269 537 506 592 captavisse
553 535 819 578 occasionem
868 534 920 576 iis
966 534 1273 584 maledicendi3
1319 540 1548 591 postquam
1595 552 1693 579 vero

268 611 549 653 deferbuisset
578 610 664 664 ira,
693 618 736 652 et
759 609 935 652 meliora
962 624 1061 651 eum
1087 609 1304 651 docuisset
1330 613 1446 651 aetas
1468 611 1501 663 ¹,
1525 612 1693 654 exuisse

268 692 454 729 veterem
501 685 782 740 simultatem,
829 685 950 740 cujus
999 685 1071 726 vix
1104 684 1193 726 ulla
1218 685 1402 739 vestigia
1433 685 1615 740 reperias
1649 686 1692 726 in

268 761 419 804 multis
465 761 555 817 ejus
606 775 783 815 operum
819 761 1128 816 posteriorum,
1161 760 1235 802 ubi
1267 761 1334 802 vel
1366 760 1507 803 favere
1538 760 1692 802 mulie-

270 838 385 879 ribus
431 837 569 892 possit
600 836 696 878 dici.
760 836 915 878 Fateor
947 840 1092 878 tamen
1125 836 1234 878 hanc
1267 835 1557 891 suspicionem
1589 835 1693 876 satis

271 916 473 957 incertam
505 925 621 965 esse,
655 910 876 966 deperdita
906 911 1096 953 maxima
1127 910 1216 966 ejus
1250 911 1506 966 scriptorum
1550 914 1691 965 parte;

270 990 343 1033 sed
390 1002 475 1030 non
523 1001 630 1042 opus
679 986 848 1028 videtur
893 986 996 1028 haec
1029 986 1201 1041 longius
1232 986 1456 1041 prosequi,
1491 999 1589 1027 cum
1621 983 1694 1026 vix

269 1065 482 1106 attineant
512 1061 566 1103 ad
576 1062 793 1117 judicium
808 1061 923 1117 quod
938 1061 990 1102 de
1009 1060 1216 1116 Euripide
1231 1060 1335 1102 tulit
1351 1049 1664 1115 Aristophanes
1682 1092 1692 1113 ,

269 1139 341 1196 qui
388 1136 620 1181 adversarii
673 1136 820 1178 odium
869 1150 970 1191 erga
1015 1135 1216 1178 mulieres
1259 1135 1303 1176 in
1337 1135 1691 1191 Thesmophoria-

269 1227 469 1255 zusarum
500 1208 648 1254 fabula
680 1211 768 1253 sale
800 1211 975 1267 quidem
1008 1210 1170 1253 comico
1202 1211 1467 1266 conspersit,
1499 1211 1573 1253 sed
1588 1210 1694 1252 citra

269 1303 440 1331 omnem
491 1287 794 1340 acerbitatem,
838 1292 881 1329 et
914 1288 974 1329 ita
1014 1290 1063 1329 ut
1094 1287 1233 1343 magis
1267 1287 1479 1342 voluptati
1527 1286 1692 1329 ridendi

269 1365 491 1421 indulgere
522 1378 651 1419 quam
684 1378 901 1406 censorem
935 1377 1060 1419 agere
1092 1362 1286 1405 videatur
1302 1362 1330 1404 ⁶².

312 1498 319 1518 ¹
346 1499 392 1530 Ut
415 1498 538 1530 Creiisa
560 1498 638 1529 dicit
662 1499 732 1529 Ion.
759 1508 806 1529 vs.
829 1499 893 1529 399
917 1507 999 1538 sqq.:

609 1557 644 1588 ἐν
668 1560 742 1594 ταῖς
766 1561 922 1588 κακαῖσιν
945 1557 1069 1599 ἁγαθαὶ
1093 1557 1286 1598 μεμιγμέναι

607 1615 794 1657 μισούμε9’“
821 1616 905 1647 οὕτω
930 1616 1101 1657 δυστυχεῖς
1126 1616 1327 1658 πεφύκαμεν.

309 1677 434 1707 Notum
468 1682 517 1707 est
551 1675 721 1716 Sophoclis
744 1676 867 1707 dictum
891 1685 996 1706 crasse
1021 1675 1174 1712 facetum,
1196 1675 1387 1716 Euripidem
1411 1674 1563 1706 mulieres
1586 1675 1692 1705 odisse

265 1736 297 1766 in
321 1735 492 1776 tragoedia
514 1734 639 1771 solum,
663 1744 728 1766 non
753 1745 834 1766 vero
857 1736 888 1766 in
910 1735 1022 1766 cubili.
1069 1735 1195 1767 Athen.
1219 1735 1330 1771 XIII,
1353 1735 1417 1768 557
1441 1744 1469 1765 e.

310 1795 322 1814 ²
346 1795 527 1827 Bernhard.
564 1795 584 1826 l.
616 1795 638 1826 l.
668 1805 741 1836 pag.
771 1796 851 1827 396:
880 1795 1030 1826 “Zuletzt
1054 1795 1139 1825 blieb
1162 1796 1224 1826 den
1249 1794 1433 1826 Komikern
1469 1794 1545 1825 kein
1570 1800 1693 1825 ernstes

266 1855 393 1887 '‘Motiv
417 1855 509 1886 mehr
533 1854 646 1895 iibrig,
667 1856 734 1886 und
757 1855 810 1885 ein
833 1854 935 1895 vollig
960 1854 1181 1895 personlicher
1203 1854 1274 1894 Zug
1298 1858 1422 1884 musste
1445 1853 1506 1884 den
1531 1852 1692 1884 wesemli-

268 1915 369 1946 ‘'chen
394 1914 480 1947 Stoff
498 1925 536 1945 zu
560 1915 622 1945 den
646 1914 1011 1956 Thesmophoriaznsen
1035 1912 1235 1955 hcrgeben.’'
