1956 3346
978 202 1057 239 ῙΗΖ

304 321 471 365 videtur
517 337 652 364 creare
704 322 944 363 molestiam
992 336 1173 376 persona
1203 336 1309 376 quae
1342 322 1517 363 recitato
1550 321 1725 376 prologo

307 413 389 440 non
422 399 606 452 amplius
639 402 837 452 apparet,
871 402 920 437 ut
953 396 996 437 in
1033 396 1210 438 Hecuba
1240 396 1385 438 anima
1411 396 1623 450 Polydori.

365 474 621 528 Magnopere
667 471 821 524 miror,
876 476 940 513 tot
983 471 1179 526 prologos
1225 472 1343 512 omni
1375 477 1464 513 arte
1498 471 1727 513 destitutos

306 558 347 589 et
379 561 512 602 paene
542 545 728 587 insulsos
760 545 813 587 ab
838 545 1044 599 Euripide
1065 559 1157 586 esse
1177 544 1405 599 confectos,
1434 559 1566 601 quum
1583 550 1727 587 tamen

303 636 387 663 non
421 621 602 663 nesciret
631 620 843 676 quomodo
871 624 1108 675 opportune
1131 623 1174 661 et
1202 619 1454 674 simpliciter
1471 635 1520 662 ea
1541 620 1726 662 enarrari

304 700 479 751 possent
508 710 615 750 quae
650 695 913 737 innotescere
939 695 1142 737 deberent
1163 695 1480 749 spectantibus3
1510 700 1559 737 ut
1585 701 1727 737 osten-

306 771 422 813 ditur
466 770 592 812 initio
630 770 804 812 Medeae
833 775 876 812 et
907 784 1007 824 prae
1039 770 1213 812 caeteris
1247 769 1418 825 egregio
1452 769 1526 811 illo
1559 769 1728 825 dialogo

305 846 418 888 unde
464 845 617 900 incipit
656 845 882 900 Iphigenia
913 844 1162 887 Aulidensis
1189 846 1214 886 ¹.
1257 843 1342 887 Cur
1371 847 1498 900 poeta
1529 859 1730 900 persaepe

304 921 504 963 maluerit
546 920 700 976 frigide
745 929 787 962 et
822 920 958 975 rigide
1000 935 1127 975 quam
1166 921 1317 962 leniter
1345 925 1388 962 et
1420 924 1596 962 naturae
1629 933 1730 961 con-

305 997 523 1038 venienter
566 996 609 1037 in
660 996 831 1037 fabulae
884 1000 1186 1050 argumentum
1217 995 1415 1037 inducere
1445 999 1729 1050 spectatores,

305 1086 390 1114 non
432 1070 556 1112 facilc
602 1069 681 1111 tibi
726 1068 1029 1124 explicaveris3
1080 1068 1153 1110 sed
1199 1083 1251 1110 ne
1298 1068 1511 1123 Lessingii
1557 1067 1730 1123 quidem

305 1145 534 1187 auctoritas
585 1158 653 1185 me
700 1149 841 1185 movet
887 1148 936 1185 ut
988 1158 1086 1184 eum
1118 1143 1160 1183 in
1198 1143 1385 1197 prologis
1418 1143 1594 1197 “ipsum
1626 1142 1729 1183 artis

307 1219 559 1276 fastigium’'
596 1218 795 1273 attigisse
826 1218 1019 1267 credam3
1052 1217 1184 1258 immo
1217 1217 1277 1259 sic
1309 1217 1484 1258 mallem
1517 1220 1726 1268 statuere,

306 1296 505 1352 prologos
549 1293 656 1335 utile
700 1299 743 1334 et
783 1307 868 1334 non
902 1291 1054 1333 infelix
1081 1291 1213 1333 fuisse
1237 1291 1456 1345 Euripidis
1484 1291 1730 1344 inventum,

307 1369 381 1411 sed
427 1369 471 1410 in
519 1368 572 1410 iis
621 1367 926 1423 componendis
977 1367 1206 1422 dupliciter
1254 1381 1350 1408 eum
1398 1367 1567 1421 lapsum
1609 1380 1728 1420 esse,

305 1444 444 1500 primo
479 1442 662 1484 nimium
694 1443 833 1484 locum
865 1441 1052 1483 cedendo
1088 1441 1199 1495 diis,
1235 1440 1387 1483 deinde
1420 1441 1549 1483 nimis
1588 1441 1730 1482 indul-

305 1519 446 1575 gendo
492 1516 693 1572 loquendi
750 1516 922 1558 libidini
942 1518 972 1569 ⁶2,
1014 1530 1097 1571 quo
1140 1515 1299 1558 factum
1345 1520 1393 1557 ut
1442 1515 1533 1570 ejus
1585 1516 1731 1557 heroes

307 1594 587 1647 heroinaeque
627 1592 717 1646 jam
763 1592 968 1633 dramatis
1012 1591 1136 1632 initio
1173 1591 1323 1646 longas
1357 1590 1567 1632 orationes
1604 1591 1732 1632 edant

308 1683 404 1711 cum
447 1668 622 1710 caeteris
660 1667 830 1709 fabulae
860 1667 1052 1722 partibus
1083 1666 1210 1721 plane
1250 1680 1334 1707 non
1365 1665 1658 1716 cohaerentes,
1690 1671 1734 1708 et

309 1750 398 1786 tam
439 1743 592 1785 misere
629 1741 807 1797 frigidas
850 1745 899 1782 ut
929 1740 1050 1796 pejus
1085 1745 1294 1796 nequeat,
1326 1744 1458 1796 utque
1490 1740 1732 1795 Theognide

309 1818 384 1859 illo
431 1818 499 1859 cui
545 1816 668 1858 Nivis
711 1815 898 1857 inditum
944 1829 1179 1870 cognomen
1203 1820 1218 1844 ³
1260 1815 1475 1870 digniores
1508 1815 1733 1857 videantur

310 1909 437 1949 quam
484 1892 609 1948 poeta
653 1906 780 1946 quem
809 1891 1067 1933 Aristoteles
1101 1890 1338 1945 appellavit
1373 1891 1679 1946 τραγικώτατον
1702 1891 1730 1931 ⁴.

371 1968 431 2010 Ut
474 1967 657 2022 denique
705 1965 985 2021 respondeam
1031 1965 1085 2007 ad
1133 1965 1241 2007 illud
1288 1964 1452 2006 dictum
1493 1963 1730 2020 Lessiugii:

313 2048 396 2086 “ne
427 2058 551 2100 aegre
581 2043 727 2085 feratis
760 2047 910 2097 poetae
943 2042 1094 2084 vitium
1119 2067 1166 2072 —
1187 2041 1224 2083 si
1255 2041 1381 2082 modo
1411 2040 1567 2082 vitium
1588 2063 1644 2068 —
1664 2038 1731 2080 cui

351 2186 360 2206 ¹
390 2184 599 2226 Musgravius
631 2184 807 2224 suspicatus
841 2188 890 2213 est
924 2191 1038 2212 verum
1073 2181 1244 2222 prologum
1279 2181 1408 2212 fabulae
1431 2180 1585 2220 temporis
1614 2177 1734 2218 injuria

311 2245 456 2286 periisse.
499 2243 595 2282 Quod
627 2243 654 2274 si
688 2243 733 2273 ita
766 2246 868 2278 esset,
904 2240 1030 2272 felicem
1059 2240 1221 2280 jacturam
1253 2239 1484 2271 existimarem.
1522 2239 1672 2270 Bremius
1702 2244 1734 2269 et

312 2303 474 2336 Matthiae
496 2302 625 2333 initium
649 2300 744 2342 hujus
767 2301 964 2342 tragoediae,
986 2301 1202 2340 conscriptum
1222 2300 1367 2331 versibus
1385 2299 1606 2340 anapaesticis,
1625 2298 1732 2330 subdi-

311 2364 422 2396 ticium
456 2366 664 2397 censuerunt,
689 2361 730 2393 G.
754 2361 960 2392 Hermannus
985 2369 1063 2391 vero
1091 2365 1203 2390 contra
1232 2359 1303 2391 illos
1326 2359 1489 2390 disserens
1513 2359 1601 2399 (pag.
1622 2359 1644 2390 8
1666 2368 1733 2398 sqq.

313 2424 460 2464 prolegg.
485 2431 561 2452 suae
585 2420 744 2460 editionis)
769 2420 848 2451 mihi
872 2420 1002 2460 quidem
1026 2419 1122 2459 plane
1151 2419 1340 2459 persuadet,
1369 2419 1438 2450 sine
1462 2427 1559 2448 eausa
1583 2417 1733 2458 Euripidi

312 2482 501 2524 abjudicari.
546 2481 732 2512 Dindortius
757 2481 934 2518 genuinum
958 2488 1027 2510 esse
1050 2479 1220 2510 exordium
1247 2479 1498 2519 anapaesticum,
1523 2478 1615 2518 eique
1639 2477 1733 2508 Euri-

314 2543 419 2583 pidem
455 2540 610 2571 minorem
645 2538 815 2578 subjecisse
847 2539 985 2569 alterum
1022 2538 1193 2569 iambicum
1228 2543 1330 2577 putat.
1364 2555 1403 2558 —
1427 2536 1550 2567 Durius
1573 2536 1612 2565 de
1636 2533 1732 2574 hujus

313 2600 468 2632 dramatis
490 2599 692 2639 expositione
715 2597 937 2629 Bernhardius
962 2597 1004 2627 l.l.
1031 2607 1104 2638 pag.
1130 2597 1193 2629 472
1212 2595 1382 2636 judicavit.

358 2659 371 2679 ²
395 2659 450 2690 Ἐν
474 2661 542 2694 τοῖς
567 2657 743 2697 προλόγοις
766 2657 914 2696 ὀχληρὸν
937 2665 1011 2686 eum
1037 2655 1163 2687 vocavit
1189 2660 1299 2685 acutus
1323 2653 1377 2684 ille
1400 2653 1528 2684 criticus
1541 2660 1731 2692 anonymus.

314 2721 402 2761 cujus
425 2719 521 2749 breve
544 2721 633 2747 extat
651 2715 808 2755 judicium
832 2715 872 2745 dc
900 2715 1053 2754 Euripide
1084 2715 1113 2744 in
1139 2713 1261 2753 proleg.
1286 2712 1434 2744 Dindors.
1459 2712 1529 2746 111.
1555 2712 1671 2742 merito
1693 2711 1732 2742 ab

318 2780 377 2810 hoc
400 2778 522 2809 editore
545 2775 717 2806 laudatum.

361 2838 372 2857 ³
395 2835 500 2868 schol.
526 2835 563 2864 nd
590 2834 691 2864 Arist.
714 2833 816 2872 Vesp.
843 2842 878 2861 vs
917 2833 962 2862 ΙΙ.

361 2897 371 2914 ⁴
396 2895 534 2927 Aristot.
559 2900 640 2934 poet.
671 2893 715 2923 13.
