1956 3346
1012 186 1089 224 124

335 307 547 349 interdum
606 312 649 348 et
705 320 752 347 ea
808 305 1001 347 laudavit
1052 319 1159 359 quae
1212 304 1284 345 vix
1331 304 1643 359 vituperatione
1691 305 1754 347 vel

335 380 496 429 νοθείας
541 380 784 434 suspicione
831 383 1001 421 exemta
1047 378 1283 420 videantur.
1342 379 1460 420 Idem
1514 385 1656 421 tamen
1705 379 1756 420 de

334 456 646 510 Aristophane,
695 470 746 496 ex
796 468 930 509 aequo
975 459 1017 495 et
1059 467 1181 506 vero,
1222 453 1324 494 haec
1357 454 1551 508 scripsit:
1587 453 1756 496 “Nemo

336 530 618 586 “Euripidem
674 531 812 585 magis
873 535 1024 571 notum
1070 528 1221 570 habuit
1266 528 1505 584 meliusque
1545 528 1756 582 judicavit

335 609 494 660 “quam
527 606 631 647 civis
664 610 707 647 et
738 604 928 660 aequalis
961 603 1051 659 ejus
1084 603 1408 658 Aristophanes.
1466 603 1649 658 Magnus
1682 603 1755 644 illc

334 679 575 733 “comicus‚
621 679 694 734 qui
741 692 826 719 non
871 677 1014 719 minus
1060 680 1186 732 poeta
1233 681 1324 718 erat
1360 676 1594 731 palmarius
1626 692 1751 732 quam

335 754 532 796 “subacti
573 754 636 795 vir
676 753 839 809 ingenii
883 757 925 795 et
958 768 1078 795 verae
1111 753 1348 807 elegantiae
1381 767 1510 794 sensu
1541 752 1753 804 imbutus,

335 831 453 870 “tani
496 828 664 884 egregie
696 828 863 870 notavit
894 829 1064 883 lapsum
1097 827 1201 869 artis
1235 827 1420 882 tragicae
1453 831 1496 869 et
1527 826 1633 868 vitia
1665 827 1753 868 Eu-

335 903 495 958 “ripidi
533 903 726 958 propria,
769 903 859 958 ejus
892 902 1127 945 sententias
1171 906 1215 944 et
1245 902 1530 957 digressiones
1565 901 1753 956 philoso-

335 978 540 1033 “phicas‚
575 978 665 1033 ejus
700 978 917 1034 eloquium
944 978 1064 1032 justo
1097 977 1295 1031 mollius,
1329 977 1418 1032 ejus
1453 976 1644 1018 studium
1669 990 1752 1018 -au-

335 1053 497 1108 “gendi
527 1053 695 1095 mendis
728 1053 938 1108 corporeis
971 1053 1151 1108 aliisque
1182 1053 1307 1094 rebus
1339 1052 1526 1094 externis
1554 1051 1752 1093 effectum

334 1127 577 1183 “tragicum
596 1159 607 1181 ‚
640 1128 743 1183 quin
762 1128 891 1169 etiam
911 1127 1206 1169 effeminatum
1224 1126 1416 1181 rhythmi
1436 1126 1527 1181 ejus
1545 1130 1750 1179 tenorem,

335 1203 616 1257 “praesertim
660 1203 704 1244 in
749 1203 908 1258 Hamis,
961 1207 1009 1245 ut
1046 1203 1223 1245 dicteria
1255 1207 1412 1244 temere
1443 1203 1496 1244 ab
1529 1216 1577 1244 eo
1608 1215 1752 1257 sparsa

334 1277 668 1333 “dignissimam
710 1278 942 1333 praebeant
984 1278 1206 1319 materiem
1256 1277 1308 1318 de
1352 1292 1436 1332 qua
1482 1277 1583 1319 data
1626 1292 1752 1332 opera

332 1353 604 1408 “inquiratur
635 1356 679 1394 et
709 1353 980 1408 disputetur''
1006 1359 1029 1394 ¹.

391 1429 439 1469 In
474 1428 551 1470 hac
583 1432 727 1469 autem
760 1428 935 1469 materie
979 1428 1200 1470 tractanda
1231 1443 1299 1470 me
1331 1428 1529 1482 Euripidi
1561 1441 1645 1468 nou
1675 1442 1748 1482 pe-

328 1503 511 1558 percisse
557 1502 716 1552 fate0r3
760 1502 833 1544 sed
865 1517 938 1544 cur
969 1502 1075 1544 mihi
1107 1517 1192 1544 non
1225 1502 1371 1544 liceret
1401 1502 1531 1544 libere
1564 1501 1749 1543 indicare

329 1593 603 1633 quaecunque
636 1579 677 1619 in
710 1578 982 1620 celeberrimo
1014 1578 1173 1633 tragico
1206 1593 1289 1620 non
1324 1578 1488 1620 levibus
1522 1577 1573 1619 de
1610 1577 1747 1619 causis

328 1653 541 1708 culpanda
571 1658 788 1708 putarem,
821 1653 947 1694 modo
969 1654 1012 1695 id
1039 1653 1243 1704 facerem,
1277 1659 1326 1695 ut
1353 1653 1503 1695 fecisse
1524 1666 1594 1694 me
1611 1666 1748 1706 spero,

329 1728 420 1769 sine
465 1727 565 1769 felle
605 1732 648 1769 et
679 1727 771 1769 sine
802 1728 1073 1782 arrogantia?
1135 1728 1246 1770 Falli
1277 1734 1421 1770 tamen
1450 1727 1595 1783 potui,
1630 1731 1673 1769 et-
1704 1727 1748 1767 in

327 1802 627 1858 disquisitione
658 1807 747 1844 tam
781 1802 865 1844 late
897 1807 1091 1858 patente,
1126 1809 1274 1859 totque
1304 1809 1348 1845 et
1377 1808 1595 1845 tantarum
1622 1802 1750 1857 plena

327 1877 650 1930 difficultatum,
683 1877 871 1919 multum
903 1877 1024 1919 abest
1060 1882 1108 1919 ut
1139 1892 1207 1920 me
1240 1893 1413 1933 scopum
1447 1891 1612 1933 semper
1649 1877 1747 1919 teti-

326 1953 441 2009 gisse
482 1953 717 1995 confidam:
761 1968 889 2008 quare
920 1968 945 1995 a
976 1954 1179 1996 benevolo
1212 1953 1366 1996 lectore
1398 1958 1496 2008 peto
1527 1957 1570 1994 et
1605 1966 1676 1994 oro
1700 1956 1749 1993 ut-

327 2028 504 2070 comiter
551 2028 746 2083 ignoscat
792 2029 897 2070 meis
949 2029 1187 2084 erroribus,
1234 2035 1277 2071 et
1309 2029 1385 2071 hoc
1423 2043 1528 2084 opus
1555 2027 1747 2083 juvenile

327 2103 450 2158 aequi
479 2103 664 2159 bonique
696 2104 901 2146 consulat.
1160 2099 1174 2117 ⁴

371 2242 381 2263 ¹
409 2245 476 2275 L.l
512 2255 586 2285 pag.
615 2247 651 2276 19
676 2244 947 2277 int-annotatione.
