1956 3346
918 199 987 238 111

245 329 291 365 ut
329 321 464 364 verbis
497 320 701 362 adderent
734 321 899 375 pondus
932 321 957 370 '3
991 335 1121 376 quum
1148 322 1354 363 recentior
1371 336 1464 375 are,
1492 323 1664 363 auribus

245 395 481 440 mulcendis
514 396 700 437 maxime
730 395 914 448 intenta,
950 395 1116 437 inverso
1148 396 1320 450 ordine,
1356 396 1481 438 verba
1499 404 1666 451 cogeret

245 472 360 514 sonis
412 470 635 524 famulari,
694 478 736 512 et
784 471 1149 513 modulationibus
1201 472 1393 526 gaudens
1442 473 1665 524 dulcibus,

245 547 457 601 incitatis,
480 547 656 588 affectus
675 546 837 601 plenis,
863 551 1085 601 poetarum
1103 546 1218 588 dicta
1240 547 1291 588 iis
1314 547 1666 599 accommodaret,

246 622 306 664 ita
337 628 385 664 ut
417 635 541 677 saepe
575 621 618 678 in
650 635 735 662 una
766 620 932 674 syllaba
953 621 1374 676 conglomerarentur
1393 622 1535 677 plures
1554 623 1665 675 soni,

244 702 319 738 aut
363 696 493 739 etiam
541 695 666 737 verba
709 694 1030 750 duplicarentur
1050 697 1067 722 ²
1098 710 1181 750 quo
1215 697 1437 739 rotundior
1469 699 1667 740 evaderet

245 771 442 826 periodus
476 771 650 813 musica.

306 845 529 888 Monodias
576 858 768 900 quoque,
803 858 907 898 quas
942 844 1171 900 Euripides
1204 847 1384 902 (magno
1419 852 1465 889 ut
1500 848 1669 889 videtur

247 921 397 963 talium
445 919 681 962 carminum
737 919 890 961 ductus
938 926 1100 975 amore)
1148 920 1308 964 fabulis
1358 923 1537 965 inseruit
1584 938 1667 964 non

246 1009 428 1051 paucae,
481 994 666 1036 comicus
715 995 756 1035 in
799 993 944 1048 jocum
991 995 1131 1037 vertit.
1185 997 1290 1038 Ran.
1343 1012 1402 1039 vs.
1453 999 1536 1039 939
1575 1013 1664 1054 sqq.

291 1166 299 1186 ¹
323 1167 419 1206 Quod
442 1167 538 1199 Plato
563 1167 644 1208 Rep.
670 1166 735 1202 III,
758 1177 833 1208 pag.
857 1168 922 1198 400
946 1169 979 1199 A
1004 1174 1099 1200 vocat
1123 1170 1182 1200 τὸν
1207 1169 1292 1200 πόδα
1308 1172 1354 1211 τῷ
1368 1171 1458 1212 λόγῳ
1471 1171 1670 1212 ἀναγκάζειν

246 1226 379 1258 ἕπεσθαι
403 1229 455 1258 καὶ
481 1228 517 1258 τὸ
540 1227 659 1267 μέλος,
684 1227 775 1258 ἀλλὰ
798 1228 844 1268 μή
866 1228 972 1268 λόγον
997 1227 1074 1259 ποδί
1099 1240 1131 1259 τε
1155 1229 1210 1259 καὶ
1232 1229 1333 1270 μέλει,
1352 1229 1433 1261 hauc
1446 1231 1670 1262 tantummodo

247 1287 400 1317 musicam
430 1292 533 1318 artem
558 1292 676 1327 putans
701 1285 776 1318 ferri
800 1295 894 1328 posse
919 1286 952 1316 in
976 1286 1057 1317 urbe
1079 1287 1130 1318 cui
1155 1286 1254 1318 fortes
1278 1287 1364 1319 alere
1387 1288 1476 1320 cives
1498 1299 1593 1322 curae
1618 1291 1669 1322 sit.

290 1344 302 1365 ²
326 1345 365 1377 In
391 1346 524 1387 parodin.
546 1347 586 1377 de
609 1355 672 1387 qua
695 1355 771 1377 mox
796 1345 979 1377 videbimus
1003 1346 1228 1377 monodiarum
1256 1348 1513 1388 Euripidearum
1544 1350 1671 1391 saepius

247 1405 450 1446 duplicantur
475 1405 585 1442 verba,
609 1405 692 1437 Ran.
716 1414 764 1435 vs.
792 1406 886 1441 1337,
914 1406 1006 1442 1352,
1033 1405 1125 1442 1353,
1155 1407 1246 1443 1354,
1274 1408 1366 1439 1355.
1389 1408 1562 1449 Nusquam
1586 1411 1671 1450 apud

249 1464 439 1505 Euripidem
474 1470 538 1496 tam
572 1465 702 1496 crebrae
737 1473 852 1496 vocum
885 1465 1124 1506 geminationes
1153 1474 1328 1498 occurrunt
1357 1477 1453 1508 quam
1484 1469 1515 1499 in
1539 1469 1673 1500 canticis

249 1523 393 1555 Helenae
417 1523 555 1561 fabulae,
577 1523 746 1555 alternatis
769 1523 855 1554 inter
875 1523 1040 1555 Helenam
1064 1529 1097 1556 et
1120 1524 1307 1556 Menelaum
1331 1535 1379 1558 vs.
1404 1526 1469 1557 648
1492 1537 1560 1567 sqq.
1582 1528 1673 1565 (648,

247 1584 370 1619 650bis.
395 1584 469 1621 664,
492 1584 566 1622 670,
584 1583 658 1619 682,
674 1583 766 1623 684).
792 1583 974 1614 videantur
993 1583 1090 1615 etiam
1103 1583 1135 1614 hi
1149 1592 1192 1614 ex
1205 1584 1343 1616 Hecuba
1356 1594 1469 1616 versus
1483 1586 1560 1623 (688
1572 1588 1670 1626 sqq.):

589 1642 700 1674 ἄπιστ’
725 1642 852 1674 ἄπιστα
875 1643 973 1674 καινὰ
996 1644 1094 1674 καινὰ
1119 1642 1285 1684 δέρκομαι,

592 1702 683 1742 ’ἕτερα
708 1700 734 1732 δ’
759 1700 813 1742 ἀφ’
837 1701 956 1743 ἑτέρων
979 1703 1062 1733 κακὰ
1086 1704 1196 1733 κακῶν
1217 1705 1316 1743 κυρεῖ.

591 1760 741 1792 οὐδέποτ’
765 1760 969 1798 ἀστένακτος
993 1761 1176 1801 ἀδάκρυτος
1200 1760 1240 1791 ἁ-

590 1820 671 1861 μέρα
696 1819 870 1861 ’πισχὴσει.

595 1878 672 1911 δείν’
694 1880 719 1910 ὦ
744 1879 907 1917 τάλαινα,
933 1879 1021 1911 δεινὰ
1046 1879 1222 1920 πάσχομεν
1245 1880 1338 1910 κακά.

591 1939 615 1969 ὦ
643 1938 770 1977 τέκνον,
795 1938 912 1970 τέκνον
934 1939 1099 1975 ταλαίνας
1122 1938 1265 1979 ματρός,

590 2000 654 2030 τίνι
676 2003 766 2040 μόρῳ
790 1999 961 2037 θνὴσκεις;
987 1999 1052 2030 τίνι
1077 2001 1194 2040 πότμῳ
1219 2001 1343 2032 :citrum

592 2059 674 2100 πρὸς
698 2059 789 2096 τίνος
813 2058 1018 2099 ιίνθρώπων;

292 2116 429 2148 Frustra
459 2121 551 2154 sunt,
584 2126 637 2149 me
661 2117 792 2158 quidem
811 2116 938 2158 judice,
961 2116 1014 2158 qui
1038 2117 1071 2148 in
1096 2116 1144 2148 his
1167 2117 1399 2148 vocabulorum
1421 2117 1669 2158 conduplicatio-

251 2174 343 2206 nibus
376 2175 498 2216 aliquid
532 2176 646 2207 moesti
677 2182 709 2208 et
732 2176 837 2208 flebile
859 2182 1039 2218 quaerunt,
1068 2175 1119 2207 vel
1135 2181 1188 2207 „ut
1209 2185 1283 2207 cum
1305 2176 1526 2216 grammaticis
1549 2176 1672 2216 loquar,

250 2234 460 2265 seltetlc'asmo
481 2244 536 2266 eas
558 2234 668 2267 deberi
691 2236 902 2267 contendunt.
946 2235 1081 2267 Etenim
1103 2245 1169 2266 non
1191 2240 1283 2266 tenta
1305 2240 1354 2266 est
1381 2235 1569 2276 plerumque
1599 2245 1669 2266 scn-

251 2292 369 2324 tentiae
404 2293 553 2332 δεινότης
587 2300 624 2326 ut
655 2295 716 2326 ista
747 2295 920 2336 explicatio
949 2295 1051 2336 possit
1078 2295 1187 2335 recipi.
1233 2295 1306 2335 Ego
1329 2294 1436 2326 nullus
1459 2295 1569 2326 dubito
1592 2296 1670 2336 quin

252 2352 310 2383 hnc
332 2362 459 2394 quoque
481 2353 514 2384 in
539 2359 630 2394 parte
654 2355 694 2386 ad
716 2355 828 2386 modos
852 2354 994 2386 musicos
1017 2353 1188 2386 referenda
1210 2354 1274 2385 sint
1295 2354 1416 2385 omnia.

294 2411 428 2445 Gaudeo
451 2422 503 2445 me
527 2413 610 2444 hanc
631 2414 817 2455 opinionem
842 2415 926 2446 tueri
948 2423 1040 2456 posse
1063 2414 1257 2446 auctoritate
1281 2414 1342 2445 viri
1366 2413 1449 2445 docti
1474 2413 1594 2449 Leiirs,
1617 2414 1670 2454 qui

252 2473 285 2503 in
309 2472 488 2513 Epimetris
510 2473 660 2514 subjectis
682 2473 765 2505 libro
787 2474 828 2506 de
852 2474 1037 2506 Aristarchi
1060 2474 1175 2506 studiis
1198 2474 1400 2511 Homericis,
1423 2484 1497 2515 pag.
1521 2475 1584 2508 475
1606 2475 1669 2506 edi-

252 2532 349 2564 tionis
371 2533 447 2564 anni
482 2533 580 2571 1865,
603 2534 739 2565 eandem
763 2534 959 2566 sententiam
982 2534 1034 2565 his
1055 2533 1165 2566 verbis
1187 2533 1361 2574 exprimit:
1397 2534 1496 2566 “Wie
1516 2532 1593 2564 sehr
1615 2533 1671 2564 das

253 2590 507 2624 “Musikalische
540 2592 713 2633 mitspielt,
746 2593 802 2624 dns
835 2592 1010 2633 empfindet
1043 2602 1119 2625 man
1148 2592 1322 2625 besonders
1350 2602 1391 2623 an
1416 2592 1540 2624 Stelien
1564 2601 1614 2622 wo
1636 2602 1671 2623 es

252 2650 363 2682 “nicht
383 2651 538 2692 geseheut
560 2652 689 2683 worden
714 2661 807 2683 wenn
831 2652 920 2684 diese
942 2651 1200 2693 Wiederholung
1225 2652 1324 2684 selbst
1346 2651 1407 2682 auf
1425 2652 1478 2683 ein
1494 2651 1591 2683 Wort
1613 2661 1668 2683 un·

254 2709 507 2742 “bedeutsamen
541 2711 657 2743 Sinnes
693 2711 789 2748 trifft,
823 2711 885 2742 wie
911 2711 1006 2752 jenes
1029 2710 1129 2750 ἐδάην
1151 2711 1252 2750 ἐδάην
1274 2710 1441 2743 Phoeniss.
1463 2710 1543 2747 680,
1565 2711 1671 2749 ἄλλος

254 2768 382 2806 “affixae
413 2769 554 2801 daselbst
590 2769 682 2802 1322*
715 2788 753 2794 —
784 2771 924 2802 Meliora
948 2776 1056 2802 tamen
1079 2770 1230 2811 exempla
1254 2769 1410 2810 potuisset
1433 2768 1572 2809 eligam
1596 2779 1670 2800 nun

255 2827 427 2860 Phoeniss.
449 2839 495 2861 vs.
524 2830 583 2861 681
609 2829 690 2869 βᾶθι
720 2830 801 2871 βᾶθι
832 2830 962 2871 legitur,
994 2836 1025 2862 et
1048 2829 1127 2862 illud
1150 2831 1257 2866 ἄλλος
1281 2830 1385 2865 ἄλλος
1408 2838 1470 2859 non
1494 2829 1526 2860 in
1548 2829 1671 2860 cantico

255 2888 311 2919 sed
333 2889 366 2919 in
389 2888 535 2920 diverbio
557 2889 705 2921 occurrit.
