1925 3377
619 647 1190 705 PROOEMIUM.

248 953 331 1016 De
365 972 630 1029 temporibus
664 973 817 1029 quibus
854 972 1040 1013 vivimus
1077 972 1171 1027 quis
1206 984 1427 1026 nunquam
1453 969 1611 1011 audivit

187 1043 402 1098 querelas3
444 1042 540 1098 quis
575 1055 797 1098 nunquam
830 1055 975 1083 secum
1010 1041 1101 1096 ipse
1134 1047 1312 1096 questus
1345 1044 1410 1081 est
1443 1052 1614 1093 gravem

189 1110 381 1152 hodierni
426 1109 585 1153 saeculi
629 1110 945 1163 conditionem,
979 1122 1112 1164 quum
1146 1112 1212 1149 tot
1243 1107 1407 1163 passim
1439 1106 1618 1148 dissidia

188 1185 374 1232 notaret,
410 1179 499 1221 sive
531 1178 585 1220 ad
617 1192 683 1220 res
717 1177 962 1233 religiosas,
997 1177 1087 1219 sive
1120 1177 1173 1218 ad
1207 1176 1426 1231 politicas,
1450 1176 1539 1218 sive
1563 1175 1615 1216 ad

187 1247 505 1303 philosophiam
541 1247 765 1303 variasque
811 1246 1064 1302 disciplinas
1109 1246 1351 1287 attenderet
1397 1244 1618 1286 animum?

190 1316 363 1372 Ubique
403 1316 600 1357 videmus
646 1315 748 1357 bina
789 1319 929 1357 castra
968 1314 1012 1356 in
1058 1329 1102 1356 se
1142 1313 1360 1356 hostiliter
1391 1327 1615 1361 conversa:

188 1385 230 1426 in
277 1384 422 1426 alteris
472 1385 502 1425 ii
550 1389 652 1426 sunt
694 1383 944 1439 congregati
989 1383 1063 1438 qui
1127 1398 1151 1425 a
1197 1381 1392 1438 patribus
1444 1386 1617 1437 accepta

186 1467 434 1495 conservare
467 1457 700 1503 conantur3
734 1452 869 1494 altera
899 1465 999 1493 vero
1031 1465 1102 1493 eos
1135 1451 1362 1493 continent
1394 1451 1492 1506 qui,
1519 1465 1616 1505 pro-

185 1522 352 1577 gressui
391 1521 552 1564 amicos
591 1535 636 1563 se
673 1520 935 1576 gloriantes,
969 1520 1093 1561 novis
1127 1520 1252 1561 rebus
1284 1519 1481 1570 student3
1521 1533 1614 1574 per-

187 1590 464 1645 pauciautem
482 1589 760 1631 inveniuntur
775 1589 864 1645 qui,
879 1593 1071 1631 secantes
1086 1588 1275 1630 medium
1290 1588 1506 1643 quoddam
1520 1588 1613 1637 iter,

187 1674 323 1715 neque
342 1659 513 1701 illorum
533 1673 667 1714 neque
683 1658 835 1700 horum
859 1659 1034 1714 signum
1056 1662 1302 1714 sequantur.
1341 1657 1438 1699 Non
1457 1657 1612 1699 mirum

185 1728 318 1785 igitur
350 1729 386 1770 si
418 1728 512 1784 quis
546 1728 689 1770 doleat
721 1732 786 1769 tot
818 1728 956 1782 rixas,
991 1726 1183 1783 quotidie
1214 1725 1302 1768 fere
1323 1730 1549 1785 renovatas
1573 1739 1614 1768 et

186 1811 310 1852 saepe
343 1811 441 1838 cum
475 1811 633 1852 magna
664 1796 896 1838 acerbitate
919 1795 1183 1851 conjunctas.
1228 1795 1309 1837 Est
1334 1800 1478 1836 tamen
1502 1795 1614 1850 quod

186 1879 263 1907 nos
309 1865 482 1907 soletur.
549 1865 615 1906 Ex
662 1865 841 1906 historia
883 1864 998 1906 enim
1042 1864 1203 1906 discere
1246 1864 1369 1915 licet,
1404 1878 1488 1905 non
1523 1878 1612 1904 ma-

182 1948 370 1990 gnopere
402 1934 480 1976 hac
512 1938 624 1976 certe
641 1938 763 1989 parte
782 1938 978 1975 nostrum
1000 1947 1153 1974 aevum
1177 1947 1201 1974 a
1221 1932 1435 1988 prioribus
1455 1932 1611 1974 discre-

183 2017 295 2058 pare.
346 2002 579 2059 Nunquam
613 2002 699 2044 fuit
732 2007 904 2058 tempus
937 2016 1073 2058 quum
1096 2015 1244 2043 omnes
1267 2000 1379 2042 idem
1402 2000 1612 2042 sentirent

182 2070 235 2113 de
266 2085 520 2129 quacunque
552 2071 749 2122 materie3
784 2085 1005 2126 nunquam
1039 2069 1269 2112 defuerunt
1302 2069 1537 2111 discordiae
1559 2069 1611 2111 de

183 2139 307 2182 rebus
341 2139 523 2189 divinis余
559 2139 679 2182 nulla
711 2154 904 2195 unquam
930 2139 1171 2195 respublica
1186 2139 1309 2181 stetit
1330 2139 1490 2194 absque
1512 2154 1608 2194 par-

182 2208 292 2250 tium
325 2208 591 2250 diversarum
624 2208 804 2259 studiis余
841 2223 1063 2264 nunquam
1096 2223 1182 2250 non
1215 2209 1322 2251 arsit
1352 2222 1512 2264 magna
1535 2209 1611 2250 illa

181 2277 291 2319 inter
336 2277 530 2319 homines
577 2277 857 2333 disceptatio,
906 2282 954 2320 ut
992 2278 1116 2320 alteri
1156 2292 1206 2320 ea
1236 2292 1345 2334 quae
1378 2282 1479 2320 sunt
1513 2279 1609 2331 (aut

180 2361 287 2402 quae
319 2361 412 2388 esse
443 2349 622 2402 putant)
657 2361 841 2401 servare,
875 2347 1000 2389 alteri
1033 2361 1144 2388 nova
1175 2353 1218 2388 et
1251 2346 1471 2402 incognita
1488 2348 1607 2404 sequi

180 2414 354 2467 malint,
399 2420 649 2469 spernentes
680 2431 729 2457 ea
761 2430 868 2471 quae
897 2415 989 2470 jam
1028 2422 1151 2471 parta
1181 2415 1367 2457 videant.
1435 2415 1608 2458 Scilicet

180 2497 400 2539 nunquam
433 2483 629 2526 homines
662 2488 892 2527 caruerunt
912 2498 960 2526 eo
984 2484 1181 2540 ingenio,
1205 2484 1318 2540 quod
1337 2497 1407 2526 cos
1425 2499 1450 2526 a
1467 2485 1604 2527 brutis

178 2552 439 2594 animalibus
485 2567 732 2607 secernens,
783 2553 899 2608 cogit
946 2553 1173 2595 veritatem
1216 2566 1416 2609 quaerere
1463 2561 1505 2595 et
1551 2555 1605 2595 ad

179 2621 484 2677 perfectionem
519 2622 613 2663 niti.
661 2622 869 2664 Neutrum
904 2635 1018 2664 nunc
1051 2636 1202 2663 sumus
1235 2622 1433 2675 assecuti,
1469 2637 1605 2678 neque

178 2689 282 2732 olim
322 2690 519 2732 homines
566 2691 796 2741 tenebant3
841 2690 916 2733 scd
949 2689 1166 2746 duplicem
1210 2690 1421 2732 rationem
1455 2690 1605 2732 ineunt

180 2763 227 2800 ut
258 2758 312 2800 ad
347 2772 440 2800 eam
477 2759 651 2814 propius
681 2759 907 2809 aecedant余
932 2758 1007 2800 alii
1029 2758 1167 2813 enim,
1191 2759 1294 2800 dum
1316 2759 1464 2801 vident
1483 2773 1603 2813 prue-

179 2826 328 2869 sentiae
348 2827 620 2870 multimodis
653 2843 745 2871 esse
778 2828 961 2882 vitiosa,
1010 2828 1052 2870 in
1098 2828 1286 2870 deterius
1331 2842 1406 2869 nos
1447 2836 1603 2882 putant

179 2909 317 2947 ruere,
361 2901 401 2937 et
444 2896 628 2950 pristina
668 2900 861 2951 tempora
904 2897 1215 2952 praestantiora
1249 2896 1382 2938 fuisse
1409 2896 1600 2950 jactant余

1409 2968 1421 3005 l
