<?xml version="1.0" encoding="UTF-8"?>
<!DOCTYPE html PUBLIC "-//W3C//DTD XHTML 1.0 Transitional//EN"
    "http://www.w3.org/TR/xhtml1/DTD/xhtml1-transitional.dtd">
<html xmlns="http://www.w3.org/1999/xhtml" xml:lang="en" lang="en">
 <head>
  <title>
</title>
<meta http-equiv="Content-Type" content="text/html;charset=utf-8" />
  <meta name='ocr-system' content='tesseract 3.04.00' />
  <meta name='ocr-capabilities' content='ocr_page ocr_carea ocr_par ocr_line ocrx_word'/>
</head>
<body>
  <div class='ocr_page' id='page_1' title='image "./dearistophaneeur00leeuuoft_0088.png"; bbox 0 0 1956 3346; ppageno 0'>
   <div class='ocr_carea' id='block_1_1' title="bbox 992 199 1043 238">
    <p class='ocr_par' dir='ltr' id='par_1_1' title="bbox 992 199 1043 238">
     <span class='ocr_line' id='line_1_1' title="bbox 992 199 1043 238; baseline 0.02 -1"><span class='ocrx_word' id='word_1_1' title='bbox 992 199 1043 238; x_wconf 75' lang='lat'>76</span> 
     </span>
    </p>
   </div>
   <div class='ocr_carea' id='block_1_2' title="bbox 256 318 1744 2040">
    <p class='ocr_par' dir='ltr' id='par_1_2' title="bbox 256 318 1737 1648">
     <span class='ocr_line' id='line_1_2' title="bbox 304 318 1724 379; baseline -0.006 -13"><span class='ocrx_word' id='word_1_2' title='bbox 304 324 477 379; x_wconf 77' lang='lat' dir='ltr'>1011gas3</span> <span class='ocrx_word' id='word_1_3' title='bbox 512 329 555 365; x_wconf 92' lang='lat' dir='ltr'>et</span> <span class='ocrx_word' id='word_1_4' title='bbox 587 324 659 364; x_wconf 90' lang='lat' dir='ltr'>ubi</span> <span class='ocrx_word' id='word_1_5' title='bbox 693 322 758 364; x_wconf 88' lang='lat' dir='ltr'>vel</span> <span class='ocrx_word' id='word_1_6' title='bbox 789 321 1016 363; x_wconf 81' lang='lat' dir='ltr'>minimam</span> <span class='ocrx_word' id='word_1_7' title='bbox 1052 335 1201 363; x_wconf 88' lang='lat' dir='ltr'>ansam</span> <span class='ocrx_word' id='word_1_8' title='bbox 1234 320 1317 362; x_wconf 91' lang='lat' dir='ltr'>sibi</span> <span class='ocrx_word' id='word_1_9' title='bbox 1339 319 1574 374; x_wconf 77' lang='lat' dir='ltr'>praebitam</span> <span class='ocrx_word' id='word_1_10' title='bbox 1594 318 1724 371; x_wconf 81' lang='lat' dir='ltr'>videt,</span> 
     </span>
     <span class='ocr_line' id='line_1_3' title="bbox 256 394 1724 454; baseline -0.002 -17"><span class='ocrx_word' id='word_1_11' title='bbox 256 433 259 437; x_wconf 89' lang='lat'>.</span> <span class='ocrx_word' id='word_1_12' title='bbox 302 399 501 454; x_wconf 75' lang='lat' dir='ltr'>producit</span> <span class='ocrx_word' id='word_1_13' title='bbox 530 399 701 440; x_wconf 81' lang='lat' dir='ltr'>heroem</span> <span class='ocrx_word' id='word_1_14' title='bbox 736 396 802 438; x_wconf 92' lang='lat' dir='ltr'>vel</span> <span class='ocrx_word' id='word_1_15' title='bbox 835 396 1057 438; x_wconf 83' lang='lat' dir='ltr'>heroinam</span> <span class='ocrx_word' id='word_1_16' title='bbox 1089 395 1216 450; x_wconf 84' lang='lat' dir='ltr'>plane</span> <span class='ocrx_word' id='word_1_17' title='bbox 1248 395 1407 437; x_wconf 87' lang='lat' dir='ltr'>forensi</span> <span class='ocrx_word' id='word_1_18' title='bbox 1437 394 1602 436; x_wconf 85' lang='lat' dir='ltr'>ratione</span> <span class='ocrx_word' id='word_1_19' title='bbox 1625 407 1724 435; x_wconf 86' lang='lat' dir='ltr'>cau-</span> 
     </span>
     <span class='ocr_line' id='line_1_4' title="bbox 304 470 1726 525; baseline -0.004 -10"><span class='ocrx_word' id='word_1_20' title='bbox 304 489 395 515; x_wconf 85' lang='lat' dir='ltr'>sam</span> <span class='ocrx_word' id='word_1_21' title='bbox 440 488 560 516; x_wconf 83' lang='lat' dir='ltr'>suam</span> <span class='ocrx_word' id='word_1_22' title='bbox 601 472 902 515; x_wconf 74' lang='lat' dir='ltr'>defendentem</span> <span class='ocrx_word' id='word_1_23' title='bbox 944 471 1146 513; x_wconf 87' lang='lat' dir='ltr'>adversus</span> <span class='ocrx_word' id='word_1_24' title='bbox 1191 470 1378 525; x_wconf 86' lang='lat' dir='ltr'>aliquem</span> <span class='ocrx_word' id='word_1_25' title='bbox 1421 474 1726 520; x_wconf 79' lang='lat' dir='ltr'>accusatorem,</span> 
     </span>
     <span class='ocr_line' id='line_1_5' title="bbox 304 544 1727 603; baseline -0.004 -13"><span class='ocrx_word' id='word_1_26' title='bbox 304 549 417 590; x_wconf 87' lang='lat' dir='ltr'>hunc</span> <span class='ocrx_word' id='word_1_27' title='bbox 461 562 628 603; x_wconf 87' lang='lat' dir='ltr'>quoque</span> <span class='ocrx_word' id='word_1_28' title='bbox 671 562 722 589; x_wconf 83' lang='lat' dir='ltr'>ex</span> <span class='ocrx_word' id='word_1_29' title='bbox 757 546 924 602; x_wconf 89' lang='lat' dir='ltr'>legibus</span> <span class='ocrx_word' id='word_1_30' title='bbox 957 545 1165 587; x_wconf 88' lang='lat' dir='ltr'>oratoriae</span> <span class='ocrx_word' id='word_1_31' title='bbox 1195 545 1300 586; x_wconf 84' lang='lat' dir='ltr'>artis</span> <span class='ocrx_word' id='word_1_32' title='bbox 1333 544 1562 597; x_wconf 81' lang='lat' dir='ltr'>dicentem,</span> <span class='ocrx_word' id='word_1_33' title='bbox 1595 558 1727 599; x_wconf 90' lang='lat' dir='ltr'>quum</span> 
     </span>
     <span class='ocr_line' id='line_1_6' title="bbox 304 619 1727 678; baseline -0.004 -12"><span class='ocrx_word' id='word_1_34' title='bbox 304 625 456 666; x_wconf 88' lang='lat' dir='ltr'>chorus</span> <span class='ocrx_word' id='word_1_35' title='bbox 502 637 626 678; x_wconf 82' lang='lat' dir='ltr'>saepe</span> <span class='ocrx_word' id='word_1_36' title='bbox 662 621 823 677; x_wconf 81' lang='lat' dir='ltr'>judicis</span> <span class='ocrx_word' id='word_1_37' title='bbox 864 624 966 677; x_wconf 88' lang='lat' dir='ltr'>agat</span> <span class='ocrx_word' id='word_1_38' title='bbox 1010 624 1177 676; x_wconf 86' lang='lat' dir='ltr'>partes,</span> <span class='ocrx_word' id='word_1_39' title='bbox 1222 625 1266 662; x_wconf 89' lang='lat' dir='ltr'>et</span> <span class='ocrx_word' id='word_1_40' title='bbox 1307 620 1474 676; x_wconf 90' lang='lat' dir='ltr'>quoties</span> <span class='ocrx_word' id='word_1_41' title='bbox 1511 619 1566 661; x_wconf 88' lang='lat' dir='ltr'>ad</span> <span class='ocrx_word' id='word_1_42' title='bbox 1596 619 1727 661; x_wconf 88' lang='lat' dir='ltr'>finem</span> 
     </span>
     <span class='ocr_line' id='line_1_7' title="bbox 304 695 1729 754; baseline -0.004 -13"><span class='ocrx_word' id='word_1_43' title='bbox 304 699 511 754; x_wconf 84' lang='lat' dir='ltr'>perducta</span> <span class='ocrx_word' id='word_1_44' title='bbox 538 702 605 740; x_wconf 88' lang='lat' dir='ltr'>est</span> <span class='ocrx_word' id='word_1_45' title='bbox 635 696 770 739; x_wconf 89' lang='lat' dir='ltr'>oratio</span> <span class='ocrx_word' id='word_1_46' title='bbox 803 696 1050 752; x_wconf 91' lang='lat' dir='ltr'>opinionem</span> <span class='ocrx_word' id='word_1_47' title='bbox 1082 710 1204 738; x_wconf 84' lang='lat' dir='ltr'>suam</span> <span class='ocrx_word' id='word_1_48' title='bbox 1232 695 1345 749; x_wconf 87' lang='lat' dir='ltr'>edat,</span> <span class='ocrx_word' id='word_1_49' title='bbox 1369 709 1454 737; x_wconf 93' lang='lat' dir='ltr'>uno</span> <span class='ocrx_word' id='word_1_50' title='bbox 1477 696 1729 751; x_wconf 86' lang='lat' dir='ltr'>plerumque</span> 
     </span>
     <span class='ocr_line' id='line_1_8' title="bbox 306 771 1728 827; baseline -0.001 -11"><span class='ocrx_word' id='word_1_51' title='bbox 306 774 504 816; x_wconf 87' lang='lat' dir='ltr'>disticho.</span> <span class='ocrx_word' id='word_1_52' title='bbox 569 773 663 815; x_wconf 87' lang='lat' dir='ltr'>Viri</span> <span class='ocrx_word' id='word_1_53' title='bbox 701 772 768 814; x_wconf 91' lang='lat' dir='ltr'>illi</span> <span class='ocrx_word' id='word_1_54' title='bbox 805 778 848 815; x_wconf 88' lang='lat' dir='ltr'>et</span> <span class='ocrx_word' id='word_1_55' title='bbox 878 772 1105 825; x_wconf 88' lang='lat' dir='ltr'>mulieres,</span> <span class='ocrx_word' id='word_1_56' title='bbox 1139 786 1244 827; x_wconf 88' lang='lat' dir='ltr'>quos</span> <span class='ocrx_word' id='word_1_57' title='bbox 1270 771 1364 826; x_wconf 84' lang='lat' dir='ltr'>jam</span> <span class='ocrx_word' id='word_1_58' title='bbox 1396 785 1525 827; x_wconf 88' lang='lat' dir='ltr'>supra</span> <span class='ocrx_word' id='word_1_59' title='bbox 1541 771 1728 814; x_wconf 87' lang='lat' dir='ltr'>vidimus</span> 
     </span>
     <span class='ocr_line' id='line_1_9' title="bbox 309 845 1729 906; baseline -0.002 -15"><span class='ocrx_word' id='word_1_60' title='bbox 309 850 427 906; x_wconf 85' lang='lat' dir='ltr'>(pag.</span> <span class='ocrx_word' id='word_1_61' title='bbox 465 851 519 892; x_wconf 84' lang='lat'>59</span> <span class='ocrx_word' id='word_1_62' title='bbox 553 851 640 905; x_wconf 89' lang='lat' dir='ltr'>sq.)</span> <span class='ocrx_word' id='word_1_63' title='bbox 674 849 718 890; x_wconf 89' lang='lat' dir='ltr'>in</span> <span class='ocrx_word' id='word_1_64' title='bbox 751 849 876 891; x_wconf 88' lang='lat' dir='ltr'>rebus</span> <span class='ocrx_word' id='word_1_65' title='bbox 912 848 1092 903; x_wconf 86' lang='lat' dir='ltr'>trepidis</span> <span class='ocrx_word' id='word_1_66' title='bbox 1126 862 1252 902; x_wconf 84' lang='lat' dir='ltr'>saepe</span> <span class='ocrx_word' id='word_1_67' title='bbox 1280 861 1430 889; x_wconf 87' lang='lat' dir='ltr'>vacare</span> <span class='ocrx_word' id='word_1_68' title='bbox 1462 845 1729 902; x_wconf 87' lang='lat' dir='ltr'>disquisitio-</span> 
     </span>
     <span class='ocr_line' id='line_1_10' title="bbox 308 921 1732 982; baseline -0.004 -13"><span class='ocrx_word' id='word_1_69' title='bbox 308 927 435 969; x_wconf 88' lang='lat' dir='ltr'>nibus</span> <span class='ocrx_word' id='word_1_70' title='bbox 466 925 802 982; x_wconf 82' lang='lat' dir='ltr'>philosophicis,</span> <span class='ocrx_word' id='word_1_71' title='bbox 837 939 922 967; x_wconf 88' lang='lat' dir='ltr'>non</span> <span class='ocrx_word' id='word_1_72' title='bbox 956 924 1100 966; x_wconf 89' lang='lat' dir='ltr'>minus</span> <span class='ocrx_word' id='word_1_73' title='bbox 1135 938 1284 979; x_wconf 82' lang='lat' dir='ltr'>saepe,</span> <span class='ocrx_word' id='word_1_74' title='bbox 1320 923 1365 964; x_wconf 91' lang='lat' dir='ltr'>in</span> <span class='ocrx_word' id='word_1_75' title='bbox 1398 926 1566 965; x_wconf 90' lang='lat' dir='ltr'>astutos</span> <span class='ocrx_word' id='word_1_76' title='bbox 1588 921 1732 964; x_wconf 88' lang='lat' dir='ltr'>subito</span> 
     </span>
     <span class='ocr_line' id='line_1_11' title="bbox 309 999 1732 1057; baseline -0.003 -13"><span class='ocrx_word' id='word_1_77' title='bbox 309 1006 494 1044; x_wconf 84' lang='lat' dir='ltr'>oratores</span> <span class='ocrx_word' id='word_1_78' title='bbox 528 1002 741 1056; x_wconf 89' lang='lat' dir='ltr'>conversi,</span> <span class='ocrx_word' id='word_1_79' title='bbox 774 1016 850 1057; x_wconf 86' lang='lat' dir='ltr'>per</span> <span class='ocrx_word' id='word_1_80' title='bbox 880 1015 1029 1043; x_wconf 90' lang='lat' dir='ltr'>omnes</span> <span class='ocrx_word' id='word_1_81' title='bbox 1065 1003 1177 1042; x_wconf 80' lang='lat' dir='ltr'>artes</span> <span class='ocrx_word' id='word_1_82' title='bbox 1205 999 1395 1042; x_wconf 88' lang='lat' dir='ltr'>forenses</span> <span class='ocrx_word' id='word_1_83' title='bbox 1419 1013 1593 1041; x_wconf 89' lang='lat' dir='ltr'>causam</span> <span class='ocrx_word' id='word_1_84' title='bbox 1610 1011 1732 1041; x_wconf 85' lang='lat' dir='ltr'>suam</span> 
     </span>
     <span class='ocr_line' id='line_1_12' title="bbox 310 1073 1731 1131; baseline -0.004 -12"><span class='ocrx_word' id='word_1_85' title='bbox 310 1077 420 1119; x_wconf 87' lang='lat' dir='ltr'>tueri</span> <span class='ocrx_word' id='word_1_86' title='bbox 459 1077 614 1120; x_wconf 87' lang='lat' dir='ltr'>sciunt.</span> <span class='ocrx_word' id='word_1_87' title='bbox 681 1078 779 1119; x_wconf 89' lang='lat' dir='ltr'>Non</span> <span class='ocrx_word' id='word_1_88' title='bbox 821 1076 980 1118; x_wconf 88' lang='lat' dir='ltr'>mirum</span> <span class='ocrx_word' id='word_1_89' title='bbox 1018 1075 1177 1131; x_wconf 85' lang='lat' dir='ltr'>igitur,</span> <span class='ocrx_word' id='word_1_90' title='bbox 1216 1090 1242 1116; x_wconf 89' lang='lat' dir='ltr'>a</span> <span class='ocrx_word' id='word_1_91' title='bbox 1275 1073 1569 1126; x_wconf 81' lang='lat' dir='ltr'>Quinctiliano</span> <span class='ocrx_word' id='word_1_92' title='bbox 1603 1073 1731 1115; x_wconf 80' lang='lat' dir='ltr'>Euri-</span> 
     </span>
     <span class='ocr_line' id='line_1_13' title="bbox 309 1149 1733 1208; baseline -0.003 -14"><span class='ocrx_word' id='word_1_93' title='bbox 309 1152 455 1208; x_wconf 89' lang='lat' dir='ltr'>pidem</span> <span class='ocrx_word' id='word_1_94' title='bbox 486 1152 582 1194; x_wconf 90' lang='lat' dir='ltr'>ideo</span> <span class='ocrx_word' id='word_1_95' title='bbox 613 1167 714 1208; x_wconf 87' lang='lat' dir='ltr'>prae</span> <span class='ocrx_word' id='word_1_96' title='bbox 742 1151 920 1194; x_wconf 89' lang='lat' dir='ltr'>caeteris</span> <span class='ocrx_word' id='word_1_97' title='bbox 946 1150 1225 1206; x_wconf 85' lang='lat' dir='ltr'>scriptoribus</span> <span class='ocrx_word' id='word_1_98' title='bbox 1253 1149 1427 1205; x_wconf 82' lang='lat' dir='ltr'>tragicis</span> <span class='ocrx_word' id='word_1_99' title='bbox 1444 1150 1733 1192; x_wconf 88' lang='lat' dir='ltr'>commendari</span> 
     </span>
     <span class='ocr_line' id='line_1_14' title="bbox 305 1224 1735 1283; baseline -0.003 -14"><span class='ocrx_word' id='word_1_100' title='bbox 305 1227 528 1283; x_wconf 87' lang='lat' dir='ltr'>juventuti</span> <span class='ocrx_word' id='word_1_101' title='bbox 561 1227 615 1269; x_wconf 88' lang='lat' dir='ltr'>ad</span> <span class='ocrx_word' id='word_1_102' title='bbox 646 1226 916 1283; x_wconf 83' lang='lat' dir='ltr'>eloquentiae</span> <span class='ocrx_word' id='word_1_103' title='bbox 949 1225 1143 1268; x_wconf 84' lang='lat' dir='ltr'>studium</span> <span class='ocrx_word' id='word_1_104' title='bbox 1171 1239 1216 1267; x_wconf 90' lang='lat' dir='ltr'>se</span> <span class='ocrx_word' id='word_1_105' title='bbox 1245 1224 1482 1280; x_wconf 90' lang='lat' dir='ltr'>applicanti</span> <span class='ocrx_word' id='word_1_106' title='bbox 1506 1227 1532 1266; x_wconf 74' lang='lat'>¹.</span> <span class='ocrx_word' id='word_1_107' title='bbox 1598 1224 1735 1276; x_wconf 78' lang='lat' dir='ltr'>Quin-</span> 
     </span>
     <span class='ocr_line' id='line_1_15' title="bbox 312 1300 1735 1357; baseline -0.003 -11"><span class='ocrx_word' id='word_1_108' title='bbox 312 1310 382 1346; x_wconf 87' lang='lat' dir='ltr'>tus</span> <span class='ocrx_word' id='word_1_109' title='bbox 423 1303 570 1346; x_wconf 83' lang='lat' dir='ltr'>Cicero</span> <span class='ocrx_word' id='word_1_110' title='bbox 613 1307 762 1345; x_wconf 86' lang='lat' dir='ltr'>tantus</span> <span class='ocrx_word' id='word_1_111' title='bbox 794 1305 885 1345; x_wconf 89' lang='lat' dir='ltr'>erat</span> <span class='ocrx_word' id='word_1_112' title='bbox 911 1301 1132 1357; x_wconf 88' lang='lat' dir='ltr'>Euripidis</span> <span class='ocrx_word' id='word_1_113' title='bbox 1167 1300 1424 1355; x_wconf 84' lang='lat' dir='ltr'>admirator,</span> <span class='ocrx_word' id='word_1_114' title='bbox 1458 1304 1509 1342; x_wconf 88' lang='lat' dir='ltr'>ut</span> <span class='ocrx_word' id='word_1_115' title='bbox 1539 1300 1735 1356; x_wconf 88' lang='lat' dir='ltr'>singulos</span> 
     </span>
     <span class='ocr_line' id='line_1_16' title="bbox 313 1375 1736 1433; baseline -0.001 -13"><span class='ocrx_word' id='word_1_116' title='bbox 313 1378 403 1433; x_wconf 88' lang='lat' dir='ltr'>ejus</span> <span class='ocrx_word' id='word_1_117' title='bbox 436 1393 583 1420; x_wconf 85' lang='lat' dir='ltr'>versus</span> <span class='ocrx_word' id='word_1_118' title='bbox 619 1377 790 1433; x_wconf 86' lang='lat' dir='ltr'>singula</span> <span class='ocrx_word' id='word_1_119' title='bbox 822 1377 1073 1420; x_wconf 88' lang='lat' dir='ltr'>testimonia</span> <span class='ocrx_word' id='word_1_120' title='bbox 1094 1375 1315 1426; x_wconf 75' lang='lat' dir='ltr'>vocaret23</span> <span class='ocrx_word' id='word_1_121' title='bbox 1344 1389 1422 1418; x_wconf 91' lang='lat' dir='ltr'>nec</span> <span class='ocrx_word' id='word_1_122' title='bbox 1437 1375 1616 1418; x_wconf 86' lang='lat' dir='ltr'>minoris</span> <span class='ocrx_word' id='word_1_123' title='bbox 1637 1390 1736 1418; x_wconf 87' lang='lat' dir='ltr'>eum</span> 
     </span>
     <span class='ocr_line' id='line_1_17' title="bbox 313 1450 1734 1508; baseline -0.003 -12"><span class='ocrx_word' id='word_1_124' title='bbox 313 1453 498 1496; x_wconf 83' lang='lat' dir='ltr'>faciebat</span> <span class='ocrx_word' id='word_1_125' title='bbox 544 1454 740 1507; x_wconf 90' lang='lat' dir='ltr'>Marcus,</span> <span class='ocrx_word' id='word_1_126' title='bbox 790 1467 917 1508; x_wconf 90' lang='lat' dir='ltr'>quem</span> <span class='ocrx_word' id='word_1_127' title='bbox 962 1452 1005 1493; x_wconf 90' lang='lat' dir='ltr'>in</span> <span class='ocrx_word' id='word_1_128' title='bbox 1051 1451 1203 1493; x_wconf 89' lang='lat' dir='ltr'>Medea</span> <span class='ocrx_word' id='word_1_129' title='bbox 1244 1450 1428 1507; x_wconf 87' lang='lat' dir='ltr'>legenda</span> <span class='ocrx_word' id='word_1_130' title='bbox 1458 1455 1734 1506; x_wconf 87' lang='lat' dir='ltr'>occupatum,</span> 
     </span>
     <span class='ocr_line' id='line_1_18' title="bbox 295 1526 1737 1585; baseline -0.003 -13"><span class='ocrx_word' id='word_1_131' title='bbox 295 1526 448 1585; x_wconf 50' lang='lat' dir='ltr'>*quum</span> <span class='ocrx_word' id='word_1_132' title='bbox 489 1529 641 1572; x_wconf 86' lang='lat' dir='ltr'>lectica</span> <span class='ocrx_word' id='word_1_133' title='bbox 682 1529 736 1571; x_wconf 90' lang='lat' dir='ltr'>ad</span> <span class='ocrx_word' id='word_1_134' title='bbox 778 1528 909 1571; x_wconf 83' lang='lat' dir='ltr'>maris</span> <span class='ocrx_word' id='word_1_135' title='bbox 938 1528 1043 1570; x_wconf 88' lang='lat' dir='ltr'>litus</span> <span class='ocrx_word' id='word_1_136' title='bbox 1077 1527 1325 1581; x_wconf 86' lang='lat' dir='ltr'>deferretur,</span> <span class='ocrx_word' id='word_1_137' title='bbox 1360 1526 1541 1569; x_wconf 86' lang='lat' dir='ltr'>offendit</span> <span class='ocrx_word' id='word_1_138' title='bbox 1573 1527 1737 1569; x_wconf 83' lang='lat' dir='ltr'>Laenas</span> 
     </span>
     <span class='ocr_line' id='line_1_19' title="bbox 316 1605 661 1648; baseline -0.006 0"><span class='ocrx_word' id='word_1_139' title='bbox 316 1620 414 1648; x_wconf 89' lang='lat' dir='ltr'>cum</span> <span class='ocrx_word' id='word_1_140' title='bbox 448 1605 610 1647; x_wconf 88' lang='lat' dir='ltr'>sicariis</span> <span class='ocrx_word' id='word_1_141' title='bbox 633 1610 661 1646; x_wconf 85' lang='lat'>3.</span> 
     </span>
    </p>

    <p class='ocr_par' dir='ltr' id='par_1_3' title="bbox 319 1679 1744 2040">
     <span class='ocr_line' id='line_1_20' title="bbox 376 1679 1735 1737; baseline -0.001 -15"><span class='ocrx_word' id='word_1_142' title='bbox 376 1681 465 1723; x_wconf 79' lang='lat' dir='ltr'>Vix</span> <span class='ocrx_word' id='word_1_143' title='bbox 492 1681 583 1723; x_wconf 89' lang='lat' dir='ltr'>ulla</span> <span class='ocrx_word' id='word_1_144' title='bbox 614 1680 835 1737; x_wconf 84' lang='lat' dir='ltr'>tragoedia</span> <span class='ocrx_word' id='word_1_145' title='bbox 866 1680 1103 1736; x_wconf 85' lang='lat' dir='ltr'>Euripidea</span> <span class='ocrx_word' id='word_1_146' title='bbox 1120 1679 1199 1722; x_wconf 89' lang='lat' dir='ltr'>tali</span> <span class='ocrx_word' id='word_1_147' title='bbox 1216 1679 1387 1734; x_wconf 88' lang='lat' dir='ltr'>dialogo</span> <span class='ocrx_word' id='word_1_148' title='bbox 1405 1679 1588 1721; x_wconf 87' lang='lat' dir='ltr'>oratorio</span> <span class='ocrx_word' id='word_1_149' title='bbox 1610 1684 1735 1720; x_wconf 85' lang='lat' dir='ltr'>caret.</span> 
     </span>
     <span class='ocr_line' id='line_1_21' title="bbox 319 1754 1740 1811; baseline -0.002 -12"><span class='ocrx_word' id='word_1_150' title='bbox 319 1758 370 1799; x_wconf 93' lang='lat' dir='ltr'>In</span> <span class='ocrx_word' id='word_1_151' title='bbox 419 1757 599 1799; x_wconf 87' lang='lat' dir='ltr'>Hecuba</span> <span class='ocrx_word' id='word_1_152' title='bbox 641 1756 841 1798; x_wconf 88' lang='lat' dir='ltr'>audimus</span> <span class='ocrx_word' id='word_1_153' title='bbox 886 1756 1214 1811; x_wconf 88' lang='lat' dir='ltr'>Polymnestora</span> <span class='ocrx_word' id='word_1_154' title='bbox 1256 1759 1299 1797; x_wconf 92' lang='lat' dir='ltr'>et</span> <span class='ocrx_word' id='word_1_155' title='bbox 1343 1754 1566 1797; x_wconf 85' lang='lat' dir='ltr'>Hecubam</span> <span class='ocrx_word' id='word_1_156' title='bbox 1599 1769 1740 1796; x_wconf 87' lang='lat' dir='ltr'>coram</span> 
     </span>
     <span class='ocr_line' id='line_1_22' title="bbox 319 1829 1741 1889; baseline -0.003 -14"><span class='ocrx_word' id='word_1_157' title='bbox 319 1834 647 1889; x_wconf 83' lang='lat' dir='ltr'>Agamemnone</span> <span class='ocrx_word' id='word_1_158' title='bbox 693 1833 983 1888; x_wconf 87' lang='lat' dir='ltr'>disceptantes</span> <span class='ocrx_word' id='word_1_159' title='bbox 1004 1833 1032 1874; x_wconf 65' lang='lat'>4.</span> <span class='ocrx_word' id='word_1_160' title='bbox 1100 1830 1271 1874; x_wconf 86' lang='lat' dir='ltr'>Orestes</span> <span class='ocrx_word' id='word_1_161' title='bbox 1315 1831 1360 1872; x_wconf 90' lang='lat' dir='ltr'>in</span> <span class='ocrx_word' id='word_1_162' title='bbox 1399 1830 1646 1886; x_wconf 86' lang='lat' dir='ltr'>cognomini</span> <span class='ocrx_word' id='word_1_163' title='bbox 1677 1829 1741 1872; x_wconf 87' lang='lat' dir='ltr'>fa-</span> 
     </span>
     <span class='ocr_line' id='line_1_23' title="bbox 320 1905 1743 1963; baseline -0.002 -13"><span class='ocrx_word' id='word_1_164' title='bbox 320 1908 423 1950; x_wconf 89' lang='lat' dir='ltr'>bula</span> <span class='ocrx_word' id='word_1_165' title='bbox 454 1912 636 1950; x_wconf 89' lang='lat' dir='ltr'>matrem</span> <span class='ocrx_word' id='word_1_166' title='bbox 659 1907 756 1963; x_wconf 86' lang='lat' dir='ltr'>jure</span> <span class='ocrx_word' id='word_1_167' title='bbox 786 1923 811 1950; x_wconf 89' lang='lat' dir='ltr'>a</span> <span class='ocrx_word' id='word_1_168' title='bbox 840 1922 885 1950; x_wconf 90' lang='lat' dir='ltr'>se</span> <span class='ocrx_word' id='word_1_169' title='bbox 915 1907 1098 1950; x_wconf 88' lang='lat' dir='ltr'>occisam</span> <span class='ocrx_word' id='word_1_170' title='bbox 1127 1922 1221 1949; x_wconf 89' lang='lat' dir='ltr'>esse</span> <span class='ocrx_word' id='word_1_171' title='bbox 1256 1907 1434 1962; x_wconf 87' lang='lat' dir='ltr'>probare</span> <span class='ocrx_word' id='word_1_172' title='bbox 1463 1905 1609 1948; x_wconf 87' lang='lat' dir='ltr'>studet</span> <span class='ocrx_word' id='word_1_173' title='bbox 1629 1906 1743 1960; x_wconf 86' lang='lat' dir='ltr'>Tyn-</span> 
     </span>
     <span class='ocr_line' id='line_1_24' title="bbox 323 1982 1744 2040; baseline -0.001 -15"><span class='ocrx_word' id='word_1_174' title='bbox 323 1984 470 2038; x_wconf 86' lang='lat' dir='ltr'>dareo,</span> <span class='ocrx_word' id='word_1_175' title='bbox 514 1983 619 2026; x_wconf 85' lang='lat' dir='ltr'>satis</span> <span class='ocrx_word' id='word_1_176' title='bbox 660 1983 915 2040; x_wconf 88' lang='lat' dir='ltr'>sophistice,</span> <span class='ocrx_word' id='word_1_177' title='bbox 960 1989 1003 2025; x_wconf 92' lang='lat' dir='ltr'>et</span> <span class='ocrx_word' id='word_1_178' title='bbox 1047 1987 1135 2025; x_wconf 86' lang='lat' dir='ltr'>tam</span> <span class='ocrx_word' id='word_1_179' title='bbox 1167 1983 1334 2038; x_wconf 86' lang='lat' dir='ltr'>placide</span> <span class='ocrx_word' id='word_1_180' title='bbox 1367 1989 1416 2024; x_wconf 90' lang='lat' dir='ltr'>ut</span> <span class='ocrx_word' id='word_1_181' title='bbox 1447 1982 1520 2023; x_wconf 84' lang='lat' dir='ltr'>vix</span> <span class='ocrx_word' id='word_1_182' title='bbox 1550 1997 1575 2024; x_wconf 88' lang='lat' dir='ltr'>a</span> <span class='ocrx_word' id='word_1_183' title='bbox 1601 1982 1744 2023; x_wconf 84' lang='lat' dir='ltr'>Furiis</span> 
     </span>
    </p>
   </div>
   <div class='ocr_carea' id='block_1_3' title="bbox 325 2123 1755 2941">
    <p class='ocr_par' dir='ltr' id='par_1_4' title="bbox 325 2123 1753 2704">
     <span class='ocr_line' id='line_1_25' title="bbox 369 2123 1745 2166; baseline -0.002 -10"><span class='ocrx_word' id='word_1_184' title='bbox 369 2124 378 2144; x_wconf 86' lang='lat'><em>¹</em></span> <span class='ocrx_word' id='word_1_185' title='bbox 424 2125 577 2164; x_wconf 83' lang='lat' dir='ltr'>Quinctil.</span> <span class='ocrx_word' id='word_1_186' title='bbox 600 2126 646 2164; x_wconf 88' lang='lat' dir='ltr'>X,</span> <span class='ocrx_word' id='word_1_187' title='bbox 673 2126 701 2163; x_wconf 92' lang='lat' dir='ltr'>l,</span> <span class='ocrx_word' id='word_1_188' title='bbox 719 2125 778 2159; x_wconf 85' lang='lat'>67:</span> <span class='ocrx_word' id='word_1_189' title='bbox 821 2123 909 2156; x_wconf 89' lang='lat' dir='ltr'>“Sed</span> <span class='ocrx_word' id='word_1_190' title='bbox 935 2125 1032 2166; x_wconf 83' lang='lat' dir='ltr'>longe</span> <span class='ocrx_word' id='word_1_191' title='bbox 1059 2123 1176 2155; x_wconf 80' lang='lat' dir='ltr'>clarius</span> <span class='ocrx_word' id='word_1_192' title='bbox 1202 2123 1384 2165; x_wconf 87' lang='lat' dir='ltr'>[Aeschylo</span> <span class='ocrx_word' id='word_1_193' title='bbox 1408 2123 1579 2164; x_wconf 88' lang='lat' dir='ltr'>nimirum]</span> <span class='ocrx_word' id='word_1_194' title='bbox 1606 2123 1745 2154; x_wconf 82' lang='lat' dir='ltr'>iliustra-</span> 
     </span>
     <span class='ocr_line' id='line_1_26' title="bbox 326 2182 1746 2226; baseline -0.003 -10"><span class='ocrx_word' id='word_1_195' title='bbox 326 2188 467 2217; x_wconf 85' lang='lat' dir='ltr'>“verunt</span> <span class='ocrx_word' id='word_1_196' title='bbox 501 2185 563 2216; x_wconf 91' lang='lat' dir='ltr'>hoc</span> <span class='ocrx_word' id='word_1_197' title='bbox 597 2195 676 2226; x_wconf 89' lang='lat' dir='ltr'>opus</span> <span class='ocrx_word' id='word_1_198' title='bbox 711 2185 887 2226; x_wconf 84' lang='lat' dir='ltr'>Sophocles</span> <span class='ocrx_word' id='word_1_199' title='bbox 914 2190 1011 2226; x_wconf 85' lang='lat' dir='ltr'>atque</span> <span class='ocrx_word' id='word_1_200' title='bbox 1041 2185 1235 2225; x_wconf 85' lang='lat' dir='ltr'>Euripides,</span> <span class='ocrx_word' id='word_1_201' title='bbox 1258 2194 1394 2225; x_wconf 87' lang='lat' dir='ltr'>quorum</span> <span class='ocrx_word' id='word_1_202' title='bbox 1418 2184 1450 2214; x_wconf 89' lang='lat' dir='ltr'>in</span> <span class='ocrx_word' id='word_1_203' title='bbox 1473 2183 1595 2224; x_wconf 86' lang='lat' dir='ltr'>dispari</span> <span class='ocrx_word' id='word_1_204' title='bbox 1619 2182 1746 2214; x_wconf 86' lang='lat' dir='ltr'>dicendi</span> 
     </span>
     <span class='ocr_line' id='line_1_27' title="bbox 325 2244 1749 2287; baseline -0.002 -10"><span class='ocrx_word' id='word_1_205' title='bbox 325 2246 401 2277; x_wconf 79' lang='lat' dir='ltr'>“via</span> <span class='ocrx_word' id='word_1_206' title='bbox 434 2251 508 2278; x_wconf 89' lang='lat' dir='ltr'>uter</span> <span class='ocrx_word' id='word_1_207' title='bbox 547 2246 588 2277; x_wconf 88' lang='lat' dir='ltr'>sit</span> <span class='ocrx_word' id='word_1_208' title='bbox 620 2251 717 2287; x_wconf 80' lang='lat' dir='ltr'>poeta</span> <span class='ocrx_word' id='word_1_209' title='bbox 752 2246 886 2284; x_wconf 87' lang='lat' dir='ltr'>melior,</span> <span class='ocrx_word' id='word_1_210' title='bbox 919 2245 1004 2277; x_wconf 85' lang='lat' dir='ltr'>inter</span> <span class='ocrx_word' id='word_1_211' title='bbox 1038 2244 1198 2286; x_wconf 89' lang='lat' dir='ltr'>plurimos</span> <span class='ocrx_word' id='word_1_212' title='bbox 1220 2245 1397 2285; x_wconf 82' lang='lat' dir='ltr'>quaeritur.</span> <span class='ocrx_word' id='word_1_213' title='bbox 1442 2245 1544 2284; x_wconf 87' lang='lat' dir='ltr'>quue</span> <span class='ocrx_word' id='word_1_214' title='bbox 1567 2253 1630 2284; x_wconf 80' lang='lat' dir='ltr'>ego</span> <span class='ocrx_word' id='word_1_215' title='bbox 1660 2252 1749 2280; x_wconf 85' lang='lat' dir='ltr'>sane,</span> 
     </span>
     <span class='ocr_line' id='line_1_28' title="bbox 327 2303 1750 2347; baseline -0.002 -11"><span class='ocrx_word' id='word_1_216' title='bbox 327 2306 502 2347; x_wconf 83' lang='lat' dir='ltr'>“quoniam</span> <span class='ocrx_word' id='word_1_217' title='bbox 536 2306 578 2336; x_wconf 80' lang='lat' dir='ltr'>ad</span> <span class='ocrx_word' id='word_1_218' title='bbox 613 2309 818 2346; x_wconf 81' lang='lat' dir='ltr'>praesentem</span> <span class='ocrx_word' id='word_1_219' title='bbox 855 2305 1028 2337; x_wconf 86' lang='lat' dir='ltr'>materiem</span> <span class='ocrx_word' id='word_1_220' title='bbox 1060 2304 1144 2335; x_wconf 88' lang='lat' dir='ltr'>nihil</span> <span class='ocrx_word' id='word_1_221' title='bbox 1172 2304 1330 2344; x_wconf 85' lang='lat' dir='ltr'>pertinet,</span> <span class='ocrx_word' id='word_1_222' title='bbox 1354 2303 1569 2344; x_wconf 84' lang='lat' dir='ltr'>injudicatum</span> <span class='ocrx_word' id='word_1_223' title='bbox 1590 2303 1750 2343; x_wconf 72' lang='lat' dir='ltr'>relinquo,</span> 
     </span>
     <span class='ocr_line' id='line_1_29' title="bbox 328 2363 1748 2407; baseline -0.003 -10"><span class='ocrx_word' id='word_1_224' title='bbox 328 2366 436 2398; x_wconf 88' lang='lat' dir='ltr'>“Illud</span> <span class='ocrx_word' id='word_1_225' title='bbox 459 2366 591 2407; x_wconf 90' lang='lat' dir='ltr'>quidem</span> <span class='ocrx_word' id='word_1_226' title='bbox 615 2375 711 2396; x_wconf 85' lang='lat' dir='ltr'>nemo</span> <span class='ocrx_word' id='word_1_227' title='bbox 733 2374 799 2396; x_wconf 88' lang='lat' dir='ltr'>non</span> <span class='ocrx_word' id='word_1_228' title='bbox 823 2364 964 2396; x_wconf 85' lang='lat' dir='ltr'>fateatur</span> <span class='ocrx_word' id='word_1_229' title='bbox 986 2373 1117 2395; x_wconf 86' lang='lat' dir='ltr'>necesse</span> <span class='ocrx_word' id='word_1_230' title='bbox 1139 2368 1203 2402; x_wconf 88' lang='lat' dir='ltr'>est,</span> <span class='ocrx_word' id='word_1_231' title='bbox 1227 2363 1267 2394; x_wconf 83' lang='lat' dir='ltr'>iis</span> <span class='ocrx_word' id='word_1_232' title='bbox 1289 2365 1341 2404; x_wconf 91' lang='lat' dir='ltr'>qui</span> <span class='ocrx_word' id='word_1_233' title='bbox 1364 2373 1398 2395; x_wconf 86' lang='lat' dir='ltr'>se</span> <span class='ocrx_word' id='word_1_234' title='bbox 1422 2364 1462 2394; x_wconf 89' lang='lat' dir='ltr'>ad</span> <span class='ocrx_word' id='word_1_235' title='bbox 1483 2363 1648 2403; x_wconf 80' lang='lat' dir='ltr'>agendum</span> <span class='ocrx_word' id='word_1_236' title='bbox 1663 2371 1748 2393; x_wconf 89' lang='lat' dir='ltr'>com-</span> 
     </span>
     <span class='ocr_line' id='line_1_30' title="bbox 330 2422 1750 2466; baseline -0.003 -10"><span class='ocrx_word' id='word_1_237' title='bbox 330 2428 467 2466; x_wconf 85' lang='lat' dir='ltr'>“parant</span> <span class='ocrx_word' id='word_1_238' title='bbox 496 2424 658 2456; x_wconf 87' lang='lat' dir='ltr'>utiliorem</span> <span class='ocrx_word' id='word_1_239' title='bbox 680 2425 779 2466; x_wconf 83' lang='lat' dir='ltr'>longe</span> <span class='ocrx_word' id='word_1_240' title='bbox 803 2424 997 2465; x_wconf 89' lang='lat' dir='ltr'>Euripidem</span> <span class='ocrx_word' id='word_1_241' title='bbox 1021 2423 1100 2455; x_wconf 84' lang='lat' dir='ltr'>fore.</span> <span class='ocrx_word' id='word_1_242' title='bbox 1144 2423 1295 2464; x_wconf 84' lang='lat' dir='ltr'>Namque</span> <span class='ocrx_word' id='word_1_243' title='bbox 1318 2423 1345 2454; x_wconf 88' lang='lat' dir='ltr'>is</span> <span class='ocrx_word' id='word_1_244' title='bbox 1368 2428 1402 2454; x_wconf 85' lang='lat' dir='ltr'>et</span> <span class='ocrx_word' id='word_1_245' title='bbox 1423 2423 1456 2454; x_wconf 93' lang='lat' dir='ltr'>in</span> <span class='ocrx_word' id='word_1_246' title='bbox 1479 2431 1626 2454; x_wconf 87' lang='lat' dir='ltr'>sermone</span> <span class='ocrx_word' id='word_1_247' title='bbox 1651 2422 1750 2462; x_wconf 88' lang='lat' dir='ltr'>(quod</span> 
     </span>
     <span class='ocr_line' id='line_1_31' title="bbox 330 2479 1751 2525; baseline -0.004 -10"><span class='ocrx_word' id='word_1_248' title='bbox 330 2484 460 2524; x_wconf 83' lang='lat' dir='ltr'>“ipsum</span> <span class='ocrx_word' id='word_1_249' title='bbox 495 2483 740 2524; x_wconf 83' lang='lat' dir='ltr'>reprehendunt</span> <span class='ocrx_word' id='word_1_250' title='bbox 772 2483 885 2524; x_wconf 85' lang='lat' dir='ltr'>quibus</span> <span class='ocrx_word' id='word_1_251' title='bbox 908 2483 1057 2525; x_wconf 84' lang='lat' dir='ltr'>gravitas</span> <span class='ocrx_word' id='word_1_252' title='bbox 1081 2487 1112 2514; x_wconf 88' lang='lat' dir='ltr'>et</span> <span class='ocrx_word' id='word_1_253' title='bbox 1133 2482 1314 2521; x_wconf 79' lang='lat' dir='ltr'>cothurnus</span> <span class='ocrx_word' id='word_1_254' title='bbox 1337 2487 1370 2513; x_wconf 89' lang='lat' dir='ltr'>et</span> <span class='ocrx_word' id='word_1_255' title='bbox 1391 2491 1490 2513; x_wconf 90' lang='lat' dir='ltr'>sonus</span> <span class='ocrx_word' id='word_1_256' title='bbox 1513 2480 1682 2521; x_wconf 84' lang='lat' dir='ltr'>Sophoclis</span> <span class='ocrx_word' id='word_1_257' title='bbox 1705 2479 1751 2510; x_wconf 82' lang='lat' dir='ltr'>vi-</span> 
     </span>
     <span class='ocr_line' id='line_1_32' title="bbox 331 2539 1751 2584; baseline -0.004 -9"><span class='ocrx_word' id='word_1_258' title='bbox 331 2544 448 2575; x_wconf 85' lang='lat' dir='ltr'>“detur</span> <span class='ocrx_word' id='word_1_259' title='bbox 472 2553 542 2575; x_wconf 85' lang='lat' dir='ltr'>esse</span> <span class='ocrx_word' id='word_1_260' title='bbox 571 2543 752 2584; x_wconf 87' lang='lat' dir='ltr'>sublimior)</span> <span class='ocrx_word' id='word_1_261' title='bbox 781 2544 887 2584; x_wconf 80' lang='lat' dir='ltr'>magis</span> <span class='ocrx_word' id='word_1_262' title='bbox 910 2543 1036 2575; x_wconf 87' lang='lat' dir='ltr'>accedit</span> <span class='ocrx_word' id='word_1_263' title='bbox 1057 2543 1200 2574; x_wconf 85' lang='lat' dir='ltr'>oratorio</span> <span class='ocrx_word' id='word_1_264' title='bbox 1223 2542 1354 2583; x_wconf 81' lang='lat' dir='ltr'>generi3</span> <span class='ocrx_word' id='word_1_265' title='bbox 1379 2546 1411 2572; x_wconf 89' lang='lat' dir='ltr'>et</span> <span class='ocrx_word' id='word_1_266' title='bbox 1432 2539 1599 2572; x_wconf 79' lang='lat' dir='ltr'>sententiis</span> <span class='ocrx_word' id='word_1_267' title='bbox 1622 2539 1751 2575; x_wconf 84' lang='lat' dir='ltr'>densus,</span> 
     </span>
     <span class='ocr_line' id='line_1_33' title="bbox 332 2598 1746 2644; baseline -0.006 -9"><span class='ocrx_word' id='word_1_268' title='bbox 332 2607 386 2635; x_wconf 87' lang='lat' dir='ltr'>“et</span> <span class='ocrx_word' id='word_1_269' title='bbox 419 2604 453 2634; x_wconf 89' lang='lat' dir='ltr'>in</span> <span class='ocrx_word' id='word_1_270' title='bbox 487 2603 526 2634; x_wconf 87' lang='lat' dir='ltr'>iis</span> <span class='ocrx_word' id='word_1_271' title='bbox 556 2613 638 2644; x_wconf 84' lang='lat' dir='ltr'>quae</span> <span class='ocrx_word' id='word_1_272' title='bbox 669 2614 688 2634; x_wconf 90' lang='lat' dir='ltr'>a</span> <span class='ocrx_word' id='word_1_273' title='bbox 711 2603 910 2644; x_wconf 84' lang='lat' dir='ltr'>sapientibus</span> <span class='ocrx_word' id='word_1_274' title='bbox 935 2603 1051 2634; x_wconf 81' lang='lat' dir='ltr'>tradita</span> <span class='ocrx_word' id='word_1_275' title='bbox 1073 2607 1148 2633; x_wconf 87' lang='lat' dir='ltr'>sunt</span> <span class='ocrx_word' id='word_1_276' title='bbox 1171 2611 1273 2642; x_wconf 88' lang='lat' dir='ltr'>paene</span> <span class='ocrx_word' id='word_1_277' title='bbox 1294 2601 1373 2641; x_wconf 86' lang='lat' dir='ltr'>ipsis</span> <span class='ocrx_word' id='word_1_278' title='bbox 1396 2610 1471 2641; x_wconf 84' lang='lat' dir='ltr'>par,</span> <span class='ocrx_word' id='word_1_279' title='bbox 1496 2605 1529 2630; x_wconf 87' lang='lat' dir='ltr'>et</span> <span class='ocrx_word' id='word_1_280' title='bbox 1554 2600 1587 2629; x_wconf 89' lang='lat' dir='ltr'>in</span> <span class='ocrx_word' id='word_1_281' title='bbox 1611 2598 1746 2628; x_wconf 84' lang='lat' dir='ltr'>dicendo</span> 
     </span>
     <span class='ocr_line' id='line_1_34' title="bbox 333 2656 1753 2704; baseline -0.006 -9"><span class='ocrx_word' id='word_1_282' title='bbox 333 2668 390 2695; x_wconf 87' lang='lat' dir='ltr'>“ac</span> <span class='ocrx_word' id='word_1_283' title='bbox 423 2663 648 2704; x_wconf 85' lang='lat' dir='ltr'>respondendo</span> <span class='ocrx_word' id='word_1_284' title='bbox 676 2662 808 2693; x_wconf 85' lang='lat' dir='ltr'>cuilibet</span> <span class='ocrx_word' id='word_1_285' title='bbox 829 2671 942 2693; x_wconf 83' lang='lat' dir='ltr'>eorum</span> <span class='ocrx_word' id='word_1_286' title='bbox 969 2662 1021 2703; x_wconf 86' lang='lat' dir='ltr'>qui</span> <span class='ocrx_word' id='word_1_287' title='bbox 1046 2661 1178 2692; x_wconf 86' lang='lat' dir='ltr'>fuerunt</span> <span class='ocrx_word' id='word_1_288' title='bbox 1201 2661 1234 2691; x_wconf 87' lang='lat' dir='ltr'>in</span> <span class='ocrx_word' id='word_1_289' title='bbox 1257 2660 1327 2692; x_wconf 86' lang='lat' dir='ltr'>soro</span> <span class='ocrx_word' id='word_1_290' title='bbox 1349 2659 1461 2691; x_wconf 89' lang='lat' dir='ltr'>diserti</span> <span class='ocrx_word' id='word_1_291' title='bbox 1484 2656 1753 2699; x_wconf 80' lang='lat' dir='ltr'>comparandus.&#39;&#39;</span> 
     </span>
    </p>

    <p class='ocr_par' dir='ltr' id='par_1_5' title="bbox 376 2721 975 2763">
     <span class='ocr_line' id='line_1_35' title="bbox 376 2721 975 2763; baseline -0.007 -8"><span class='ocrx_word' id='word_1_292' title='bbox 376 2723 390 2743; x_wconf 74' lang='lat'><strong>²</strong></span> <span class='ocrx_word' id='word_1_293' title='bbox 434 2723 502 2756; x_wconf 86' lang='lat' dir='ltr'>Cic.</span> <span class='ocrx_word' id='word_1_294' title='bbox 527 2722 629 2763; x_wconf 84' lang='lat' dir='ltr'>Epist.</span> <span class='ocrx_word' id='word_1_295' title='bbox 652 2723 691 2753; x_wconf 82' lang='lat' dir='ltr'>ad</span> <span class='ocrx_word' id='word_1_296' title='bbox 716 2721 791 2752; x_wconf 83' lang='lat' dir='ltr'>sam.</span> <span class='ocrx_word' id='word_1_297' title='bbox 815 2722 902 2752; x_wconf 90' lang='lat' dir='ltr'>XVI</span> <span class='ocrx_word' id='word_1_298' title='bbox 921 2721 975 2752; x_wconf 71' lang='lat'>18.</span> 
     </span>
    </p>

    <p class='ocr_par' dir='ltr' id='par_1_6' title="bbox 378 2782 910 2823">
     <span class='ocr_line' id='line_1_36' title="bbox 378 2782 910 2823; baseline -0.006 -9"><span class='ocrx_word' id='word_1_299' title='bbox 378 2785 389 2800; x_wconf 77' lang='lat'>⁵¹·</span> <span class='ocrx_word' id='word_1_300' title='bbox 436 2782 679 2823; x_wconf 82' lang='lat' dir='ltr'>Hephaestione</span> <span class='ocrx_word' id='word_1_301' title='bbox 701 2786 782 2812; x_wconf 79' lang='lat' dir='ltr'>teste</span> <span class='ocrx_word' id='word_1_302' title='bbox 812 2782 856 2818; x_wconf 90' lang='lat' dir='ltr'>V,</span> <span class='ocrx_word' id='word_1_303' title='bbox 881 2783 910 2811; x_wconf 83' lang='lat'>5.</span> 
     </span>
    </p>

    <p class='ocr_par' dir='ltr' id='par_1_7' title="bbox 337 2836 1755 2941">
     <span class='ocr_line' id='line_1_37' title="bbox 381 2836 1755 2881; baseline -0.005 -8"><span class='ocrx_word' id='word_1_304' title='bbox 381 2845 390 2862; x_wconf 66' lang='lat'>‘¹</span> <span class='ocrx_word' id='word_1_305' title='bbox 439 2843 488 2873; x_wconf 83' lang='lat' dir='ltr'>lta</span> <span class='ocrx_word' id='word_1_306' title='bbox 521 2849 570 2878; x_wconf 88' lang='lat' dir='ltr'>ut,</span> <span class='ocrx_word' id='word_1_307' title='bbox 594 2847 707 2872; x_wconf 78' lang='lat' dir='ltr'>contra</span> <span class='ocrx_word' id='word_1_308' title='bbox 729 2851 825 2881; x_wconf 80' lang='lat' dir='ltr'>quam</span> <span class='ocrx_word' id='word_1_309' title='bbox 850 2842 983 2872; x_wconf 74' lang='lat' dir='ltr'>suadeat</span> <span class='ocrx_word' id='word_1_310' title='bbox 1008 2840 1100 2875; x_wconf 85' lang='lat' dir='ltr'>ratio,</span> <span class='ocrx_word' id='word_1_311' title='bbox 1126 2849 1222 2879; x_wconf 84' lang='lat' dir='ltr'>quum</span> <span class='ocrx_word' id='word_1_312' title='bbox 1248 2849 1265 2868; x_wconf 81' lang='lat' dir='ltr'>a</span> <span class='ocrx_word' id='word_1_313' title='bbox 1290 2838 1420 2869; x_wconf 81' lang='lat' dir='ltr'>moestis</span> <span class='ocrx_word' id='word_1_314' title='bbox 1445 2836 1755 2876; x_wconf 72' lang='lat' dir='ltr'>vehementibusquc</span> 
     </span>
     <span class='ocr_line' id='line_1_38' title="bbox 337 2896 1698 2941; baseline -0.004 -10"><span class='ocrx_word' id='word_1_315' title='bbox 337 2902 475 2941; x_wconf 66' lang='lat' dir='ltr'>qiu-reli&gt;</span> <span class='ocrx_word' id='word_1_316' title='bbox 501 2901 655 2941; x_wconf 68' lang='lat' dir='ltr'>inceperit</span> <span class='ocrx_word' id='word_1_317' title='bbox 682 2900 805 2938; x_wconf 78' lang='lat' dir='ltr'>sabula,</span> <span class='ocrx_word' id='word_1_318' title='bbox 828 2900 951 2932; x_wconf 69' lang='lat' dir='ltr'>desinat</span> <span class='ocrx_word' id='word_1_319' title='bbox 978 2900 1008 2930; x_wconf 88' lang='lat' dir='ltr'>in</span> <span class='ocrx_word' id='word_1_320' title='bbox 1033 2904 1165 2939; x_wconf 74' lang='lat' dir='ltr'>argutas</span> <span class='ocrx_word' id='word_1_321' title='bbox 1190 2898 1244 2929; x_wconf 64' lang='lat' dir='ltr'>scd</span> <span class='ocrx_word' id='word_1_322' title='bbox 1270 2898 1345 2928; x_wconf 70' lang='lat' dir='ltr'>satis</span> <span class='ocrx_word' id='word_1_323' title='bbox 1370 2896 1503 2935; x_wconf 66' lang='lat' dir='ltr'>frigidas</span> <span class='ocrx_word' id='word_1_324' title='bbox 1528 2896 1698 2927; x_wconf 60' lang='lat' dir='ltr'>oratioum.</span> 
     </span>
    </p>
   </div>
  </div>
 </body>
</html>
