1956 3346
881 230 890 267 l
903 229 956 266 03

205 351 415 408 “spongia
447 350 602 392 mederi
638 350 822 405 possit'‘:
860 350 969 391 idem
1008 349 1058 390 de
1095 347 1294 389 omnibus
1330 347 1414 388 illis
1453 355 1623 389 senten-

203 431 273 471 tiis
320 427 626 484 philosophicis
671 427 807 478 valet,
855 426 966 467 idem
1001 439 1123 480 porro
1160 424 1393 466 remedium
1427 423 1626 465 adhibere

203 517 347 559 posses
380 508 444 544 tot
475 502 677 558 episodiis
711 502 763 543 ad
781 501 999 544 cardinem
1019 514 1154 541 rerum
1181 513 1263 540 non
1289 499 1625 553 pertinentibus.

202 578 426 634 permultis
459 578 588 620 etiam
620 578 735 620 chori
769 577 970 625 canticis3
1008 591 1091 617 non
1134 589 1289 630 paucos
1322 573 1504 629 denique
1541 588 1627 614 ser-

202 668 347 696 mones
380 654 535 696 crebris
569 654 710 696 lituris
730 653 772 694 in
800 653 946 694 breves
968 652 1179 707 epitomas
1196 650 1442 691 contrahere
1459 664 1626 704 posses:

201 733 330 785 quota
362 729 422 771 sic
446 729 619 773 tandem
639 733 879 784 superesset
899 742 994 783 pars
1015 727 1256 768 dramatum
1276 724 1625 780 Euripideoruni!

204 804 430 847 Restarent
477 819 573 847 ossa
622 804 763 849 nuda,
813 803 905 844 sine
958 802 1045 844 ullo
1098 802 1268 850 decore,
1315 799 1461 842 ablata
1504 814 1627 841 carn«—

202 879 420 935 nitidaque
450 884 556 922 cute.

258 1104 513 1147 Aristoteles
548 1103 687 1157 (Poet.
727 1118 815 1158 cap.
858 1106 929 1157 18)
963 1103 1014 1145 de
1050 1101 1255 1156 Euripide
1289 1114 1373 1142 non
1407 1100 1498 1142 sine
1521 1115 1626 1155 qua-

201 1179 299 1221 dam
344 1179 669 1235 reprehensione
715 1178 931 1234 loquitur,
979 1177 1052 1219 ubi
1085 1176 1176 1232 agit
1210 1175 1261 1217 de
1294 1175 1487 1231 partibus
1520 1190 1627 1231 quae

199 1254 326 1296 choro
372 1254 461 1296 sint
505 1253 754 1296 tribuendae
802 1253 846 1294 in
894 1253 1000 1295 bene
1048 1261 1213 1293 morata
1247 1250 1476 1306 tragoedia.
1542 1252 1626 1291 Τὸν

201 1332 355 1387 χορόν,
388 1329 555 1384 inquit,
589 1331 657 1371 ἕνα
687 1326 743 1371 δεῖ
773 1326 1008 1382 ὑπολαβεῖν
1021 1331 1104 1368 τῶν
1129 1328 1382 1381 ὑποκριτῶν,
1402 1328 1463 1367 καὶ
1479 1327 1627 1380 μόριον

199 1406 297 1447 εἶναι
340 1409 413 1446 τοῦ
457 1404 583 1450 ὅλου,
628 1407 690 1446 καὶ
736 1400 1116 1458 συναγωνίζεσθαι,
1159 1404 1212 1453 μὴ
1255 1403 1392 1457 ὥσπερ
1426 1397 1626 1456 Εὐριπίδῃ

199 1477 297 1520 ἀλλ’
326 1481 463 1534 ὥσπερ
494 1477 712 1533 Σοφοκλεῖ.
748 1477 856 1520 Cum
890 1476 968 1518 hoc
990 1475 1154 1531 judicio
1178 1474 1395 1517 consentit
1420 1474 1625 1515 Horatius

200 1554 242 1595 in
288 1554 408 1597 Artis
453 1553 649 1596 Poeticae
680 1552 918 1609 praeceptis
944 1553 982 1601 ’ς
1017 1550 1247 1593 manifesto
1279 1555 1423 1592 autem
1458 1549 1549 1605 ipsa
1582 1549 1624 1589 id

199 1629 349 1672 suadet
380 1629 499 1671 ratio.
538 1629 710 1672 Scilicet
741 1628 884 1670 unitas
919 1627 1007 1680 illa,
1042 1641 1170 1682 quam
1205 1626 1248 1667 in
1282 1633 1504 1682 poetarum
1538 1632 1624 1666 tra-

197 1704 388 1760 gicorum
436 1718 520 1746 non
555 1704 697 1745 minus
730 1717 856 1759 quam
895 1702 937 1743 in
972 1702 1153 1744 aliorum
1183 1701 1396 1743 artificum
1428 1701 1624 1755 operibus

199 1780 354 1836 requiri
386 1779 597 1832 vidimus,
633 1780 675 1820 in
708 1778 822 1820 haud
855 1778 947 1820 leve
978 1784 1153 1819 vocatur
1184 1777 1438 1829 discrimen,
1472 1777 1507 1818 si
1543 1791 1625 1832 qua

198 1870 294 1911 pars
350 1854 532 1896 dramati
582 1853 837 1908 interjicitur
894 1867 1000 1908 quae
1056 1866 1152 1894 cum
1209 1851 1385 1893 caeteris
1430 1850 1624 1906 partibus

198 1945 347 1986 parum
381 1929 541 1971 nihilve
574 1929 729 1971 habeat
759 1942 996 1970 commune.
1065 1927 1182 1978 Quae
1215 1927 1316 1982 Cap.
1355 1926 1426 1968 III
1460 1926 1478 1978 ξ
1514 1928 1540 1967 2
1573 1925 1625 1967 de

198 2006 292 2061 lege
338 2004 517 2047 unitatis
562 2002 764 2058 exposui,
816 2003 856 2044 in
891 2002 1083 2044 animum
1117 2006 1218 2043 sunt
1249 2001 1507 2054 revocanda,
1542 2015 1625 2056 qno

198 2079 352 2123 melius
398 2078 692 2134 intelligamus
740 2077 891 2133 quanti
929 2076 1084 2120 referat
1116 2083 1164 2118 ut
1197 2077 1350 2119 chorus
1382 2076 1491 2118 nihil
1523 2084 1625 2132 agat

199 2157 265 2199 vel
310 2155 424 2197 dicat
468 2154 581 2210 quod
625 2169 649 2196 a
684 2153 832 2196 fabula
864 2152 923 2195 sit
953 2152 1154 2194 alienum.
1188 2150 1424 2194 chororum
1457 2153 1624 2194 cantica

200 2231 299 2274 inde
330 2232 383 2274 ab
421 2231 525 2287 ipsis
554 2231 798 2287 tragoediae
829 2229 1101 2273 incunabulis
1139 2230 1418 2271 versabantur
1454 2229 1497 2271 in
1531 2230 1622 2271 lau-

200 2307 325 2349 dibus
372 2307 574 2360 deorum,
622 2307 820 2359 heroum,
868 2306 1054 2361 patriae;
1090 2295 1189 2347 hinc
1222 2319 1321 2360 ergo
1352 2304 1624 2360 quidcunque

201 2382 468 2438 singularum
502 2382 743 2424 fabularum
776 2381 1042 2437 argumentis
1067 2382 1312 2423 conveniret
1345 2381 1621 2423 delibandum

200 2462 292 2499 erat
346 2457 483 2512 poetis
527 2456 725 2512 tragicis,
768 2456 839 2512 qui
891 2456 968 2498 hoc
1013 2455 1208 2497 meliores
1257 2470 1300 2497 se
1348 2456 1622 2510 praestabant

201 2532 408 2585 artifices,
456 2546 538 2587 quo
583 2530 741 2585 majore
788 2530 1042 2572 dexteritate
1087 2529 1404 2585 prospiciebant
1453 2536 1499 2571 ut
1542 2531 1620 2570 ista

203 2607 396 2649 encomia
426 2612 524 2662 apte
556 2620 653 2648 cum
686 2605 858 2661 reliquis
891 2605 1095 2646 dramatis
1128 2604 1319 2660 partibus
1341 2612 1619 2659 congruerent

204 2681 469 2737 eundemque
500 2684 694 2737 gererent
727 2680 922 2722 colorem.
962 2680 1091 2721 Porro
1126 2678 1360 2721 notandum
1390 2684 1477 2724 est,
1507 2679 1620 2721 chori

251 2797 258 2815 ¹
284 2797 344 2828 Vs.
362 2797 421 2828 193
436 2807 519 2837 sqq:
545 2796 678 2828 Actoris
701 2802 806 2836 partes
833 2795 951 2826 chorus
975 2794 1180 2835 officiumque
1205 2795 1298 2825 virile

546 2854 712 2890 defendam
737 2864 798 2885 neu
821 2854 898 2895 quid
922 2853 1045 2885 medios
1069 2853 1236 2884 intercinat
1262 2860 1350 2883 actus

547 2913 631 2953 quod
655 2923 717 2944 non
742 2913 905 2954 proposito
928 2913 1085 2943 conducat
1111 2917 1140 2943 et
1167 2912 1297 2942 haerent
1321 2918 1393 2951 apic
