1956 3346
944 189 993 228 10

258 308 484 362 Cleonem,
534 308 849 363 Hyperbolum,
905 324 988 351 non
1044 310 1230 365 amplius
1279 310 1524 352 infestasset
1578 311 1676 352 Ari-

256 383 512 438 stophanes,
576 383 647 424 ubi
711 387 944 437 prostratos
999 384 1161 426 videret
1217 385 1341 426 rebus
1387 385 1576 427 adversis
1610 386 1674 426 vel

255 463 391 500 morte
416 459 445 512 ¹,
489 458 738 512 Euripidem
772 458 901 499 etiam
936 464 1152 500 mortuum
1185 460 1325 502 vivere
1359 459 1572 501 intellexit
1603 474 1677 514 per

255 533 414 588 scripta
457 547 534 574 sua
557 533 592 582 ’ς
636 546 734 573 nam
779 532 883 574 satis
917 533 1052 575 bonae
1083 534 1240 576 mentis
1274 535 1312 576 ei
1345 539 1436 576 erat
1468 540 1515 576 ut
1546 549 1673 590 quem

254 608 401 649 oderat
447 612 490 649 et
533 607 819 662 perniciosum
873 608 1174 662 existimabat,
1234 624 1318 650 non
1374 610 1477 651 item
1533 614 1676 652 conte-

255 689 441 733 rnncret3
476 683 562 725 imo
595 683 885 726 adversarium
919 684 1079 727 sciebat
1111 685 1288 738 fortem,
1329 685 1435 727 bene
1465 692 1675 727 armatum

254 758 419 812 sibique
449 772 595 813 parem
623 758 650 800 ³.

312 832 460 888 Neque
507 833 653 875 mirari
685 833 912 887 debemus,
947 835 990 876 in
1024 835 1233 890 eligendis
1268 835 1365 877 telis
1399 836 1553 891 quibus
1587 840 1673 876 tra-

251 909 398 962 gicum
437 907 681 950 confoderet
726 923 809 950 non
855 909 916 951 ita
947 910 1167 952 difficilem
1201 926 1245 953 se
1277 910 1544 966 praestitisse
1576 911 1676 952 Ari-

253 983 518 1038 stophanem.
586 984 747 1026 Durius
794 999 894 1027 sane
936 985 1066 1027 videri
1101 986 1239 1041 possit
1271 992 1314 1028 et
1347 1001 1400 1028 ex
1435 993 1690 1029 nostrorum*

295 1166 302 1184 ¹
329 1166 395 1197 Vd.
426 1167 511 1197 Nub.
541 1167 605 1198 549
628 1176 696 1207 sqq.
723 1168 774 1205 (de
798 1177 860 1207 quo
884 1167 952 1198 loco
977 1168 1150 1208 insigniter
1173 1168 1346 1209 aliquando
1371 1168 1495 1198 erravit
1528 1166 1569 1199 G.
1593 1168 1678 1198 Her-

252 1235 388 1256 mannus
422 1226 462 1256 de
496 1226 595 1258 Metr.
631 1226 671 1258 R.
707 1233 739 1256 ct
774 1226 832 1258 Gr.
862 1236 892 1266 p.
927 1227 1011 1263 380,
1046 1227 1174 1257 veriora
1209 1234 1317 1258 tamen
1348 1226 1519 1267 proferens
1544 1227 1576 1256 in
1601 1236 1678 1257 suae

251 1285 395 1316 Nubium
419 1285 568 1316 editionis
591 1286 801 1317 adnotatione
823 1287 863 1317 ad
886 1286 972 1317 hune
995 1286 1128 1325 locum),
1151 1287 1275 1318 collatis
1299 1288 1374 1319 Pac.
1399 1277 1463 1318 648'
1486 1297 1554 1328 sqq.

294 1345 368 1376 Non
403 1345 519 1385 igitur,
554 1345 615 1375 nisi
650 1345 684 1375 in
718 1355 784 1376 uno
818 1345 992 1386 Euripide,
1018 1346 1189 1386 negligere
1212 1346 1337 1377 solebat
1360 1351 1569 1386 pracceptum
1593 1354 1676 1376 corn-

251 1404 360 1434 munis
382 1403 608 1442 humanitatis,
633 1404 672 1434 ab
699 1404 897 1435 Archilocho
921 1405 966 1435 sic
989 1414 1197 1444 expressum:

508 1463 545 1494 οὐ
569 1464 631 1505 γὰρ
655 1463 758 1494 ἐσθλὰ
782 1463 984 1494 κατθανοῦσι
1009 1467 1176 1505 κερτομεῖν
1200 1463 1251 1494 ἐπ’
1277 1463 1450 1504 ἀνδράσιν,

252 1521 303 1552 vel
327 1528 363 1552 ut
386 1521 552 1562 Euripidis
575 1522 673 1553 citem
702 1532 850 1553 versum:

509 1581 539 1612 τί
562 1581 640 1617 τοὺς
665 1581 832 1618 Θανόντας
856 1582 916 1612 οὐκ
939 1582 996 1623 ἐᾷς
1020 1581 1226 1620 τεθνηκέναι;
1262 1582 1392 1622 (fragm.
1427 1591 1445 1612 e
1471 1581 1677 1621 Melanippe.

251 1642 315 1671 505
341 1641 458 1681 XVagn.
483 1642 546 1671 510
571 1640 685 1678 Dind.)
712 1659 751 1663 —›
776 1640 997 1681 Soph.'Ajac.
1023 1651 1070 1672 vs.
1100 1642 1197 1673 1344:

766 1700 872 1740 ἄνδρα
896 1699 923 1731 δ’
947 1701 985 1731 οὐ
1010 1701 1154 1740 δίκαιον,
1176 1700 1201 1731 εἰ
1226 1700 1341 1736 θάνοι,

509 1759 680 1798 βλάπτειν
705 1761 765 1790 τὸν
789 1760 926 1797 ἐσθλόν,
952 1759 1018 1791 οὐδ’
1043 1760 1102 1791 ἐὰν
1125 1763 1231 1801 μισῶν
1254 1761 1367 1801 κυρῇς.

296 1819 309 1839 ²
331 1820 404 1852 Scio
439 1820 605 1851 Ranarum
638 1829 683 1849 vs.
718 1819 782 1850 868
805 1828 840 1859 sq
876 1819 971 1860 plane
993 1818 1192 1850 contrarium
1215 1819 1394 1850 continere.
1439 1812 1583 1859 Tempus
1617 1818 1678 1849 fuit

252 1890 353 1920 quum
390 1880 463 1910 ideo
500 1878 600 1910 verba
632 1878 804 1918 Aeschyli:
844 1878 862 1916 ἠ
901 1879 1033 1916 ποίησις
1067 1879 1142 1919 οὐχὶ
1177 1877 1374 1917 συντέθνηκέ
1409 1890 1481 1918 μοι,
1515 1878 1622 1919 τούτῳ
1647 1877 1677 1908 δὲ

253 1939 471 1977 συντέθνηκεν
506 1943 637 1969 vertere
671 1937 806 1968 vellem:
836 1947 894 1967 ors
925 1939 1059 1978 poetica
1088 1948 1155 1969 nott
1178 1938 1280 1968 simul
1301 1947 1427 1969 meeum
1450 1938 1533 1969 obiit
1557 1938 1679 1978 (super-

250 1999 377 2030 stitibus
400 2008 443 2029 sc.
466 1997 536 2028 aliis
558 1997 650 2028 bonis
673 1996 819 2038 tragicis)
842 1997 898 2027 sed
921 1997 1024 2028 0¹5an
1046 2007 1121 2028 oum
1146 1997 1204 2028 Iwc
1227 1997 1326 2034 obiit,
1353 1998 1439 2038 quod
1462 2006 1577 2028 verum
1598 2002 1679 2033 erat,

253 2065 288 2090 ut
322 2059 389 2099 ipse
414 2067 541 2098 quoque
564 2056 730 2097 Dionysus
753 2066 851 2097 supra
873 2066 918 2087 vs.
941 2057 981 2089 71
1008 2067 1076 2098 sqq.
1101 2057 1248 2094 dixerat,
1271 2067 1348 2088 nam
1371 2056 1439 2088 fere
1461 2058 1575 2088 eodem
1599 2061 1678 2088 tem-

254 2128 329 2159 pore
352 2127 418 2159 quo
439 2117 627 2158 Euripides,
653 2116 780 2148 obierat
803 2116 995 2157 Sophocles,
1021 2116 1147 2148 abierat
1174 2116 1414 2158 Agathon,nec
1424 2115 1495 2156 jam
1510 2121 1681 2158 supererat

253 2177 395 2219 tragicus
419 2176 606 2208 tolerabilis.
634 2193 672 2200 -
696 2175 761 2208 Sed
785 2180 896 2207 tamen
918 2176 1025 2207 minus
1050 2177 1234 2217 adaptatam
1257 2176 1360 2207 fateor
1383 2176 1465 2207 hanc
1485 2175 1679 2207 sententiam

254 2237 436 2274 contextui,
470 2237 578 2277 itaque
612 2242 736 2266 vertam
771 2235 878 2276 potius
911 2240 947 2266 ut
985 2236 1107 2268 solent:
1143 2246 1217 2267 mea
1250 2237 1339 2266 enim
1363 2246 1465 2276 opem
1492 2246 1557 2266 non.
1579 2235 1681 2266 simul

257 2307 381 2329 ηιοοηηι
413 2297 523 2327 obtare
557 2296 644 2335 (aere
681 2294 876 2335 perenniora
913 2294 1054 2334 scripsi),
1078 2295 1178 2335 liujus
1201 2304 1279 2325 vero
1303 2284 1434 2335 scripta
1458 2304 1524 2324 mm
1549 2294 1678 2335 Conque-

255 2359 349 2387 υἱονα
377 2357 526 2395 fuet-unt
563 2356 652 2395 ipso:
687 2363 750 2394 quo
773 2354 888 2384 acerbo
913 2353 1073 2394 Aeschyli
1101 2351 1176 2392 joco
1200 2363 1264 2383 non
1288 2359 1395 2383 tamen
1419 2361 1529 2384 veram
1554 2353 1679 2384 Aristo-

256 2416 370 2457 phanis
390 2415 575 2455 opinionem
599 2413 740 2453 exprimi
766 2419 855 2453 puto.

301 2474 313 2494 ³
337 2475 402 2505 Vid
447 2473 577 2513 Proleg.
611 2472 652 2502 ad
683 2471 859 2512 Aristoph.
899 2471 989 2503 XIII
1014 2471 1113 2503 Dind.
1140 2472 1194 2510 (=
1217 2471 1331 2511 fragm.
1356 2472 1434 2507 397;
1461 2470 1558 2501 schol.
1585 2470 1674 2502 Plat.

258 2544 331 2574 pag.
354 2535 418 2565 330
442 2532 560 2572 Bekk.)
587 2531 639 2562 ubi
667 2531 793 2562 Cratini
823 2531 854 2561 hi
880 2540 994 2561 versus
1016 2531 1176 2562 citantur:

515 2592 563 2628 τίς
588 2591 618 2622 δὲ
644 2592 681 2621 σὺ
706 2590 847 2632 κομψὸς.
864 2616 889 2621 ..
923 2603 972 2628 τις
997 2592 1101 2631 ἔροιτο
1127 2589 1258 2627 &car-1¹19·

514 2650 803 2691 ὑπολεπτὸλογος,
830 2649 1086 2691 γνωμιόιώκτης,
1111 2649 1513 2690 εὑριπιὸαριστοφανίζων.

259 2721 288 2743 (ἰ
314 2712 413 2752 ipsius
438 2709 670 2750 Aristophanis
694 2709 754 2740 hoc
777 2709 953 2740 distichon:

517 2772 643 2810 χρῶμαι
667 2769 728 2809 γὰρ
752 2768 854 2798 αὐτοῦ
880 2770 937 2798 τοῦ
962 2769 1128 2807 στόματος
1153 2768 1197 2807 7-ιρ
1223 2766 1434 2807 στρογγύλῳ,

519 2830 595 2865 τοὺς
620 2830 695 2864 νοῡι,
722 2826 746 2857 ‹3'
772 2827 950 2867 ἀγοραίους
976 2826 1076 2864 ἦττον
1101 2826 1118 2863 ὴ
1144 2825 1258 2862 ’κεῖνος
1284 2828 1379 2856 ποιῶ.

262 2890 293 2918 in
318 2899 379 2928 qu«)
406 2887 674 2927 vituperationem
699 2886 861 2927 praecedit
885 2886 953 2916 laus
978 2885 1048 2916 “ori
1074 2885 1230 2915 rotundo'¹
1258 2885 1424 2925 Euripidis
1449 2885 1571 2915 tributa
