1956 3346
1011 209 1063 245 9&

324 324 366 364 in
390 339 604 366 caesuram
629 327 916 381 πενθημιμερῆ,
942 325 1063 366 addit
1081 326 1304 374 “Armwaeov
1322 327 1575 368 ἀπώλεσεν·”
1611 327 1741 368 Vide-

323 413 444 440 amus
480 398 570 452 ejus
602 399 681 439 loci
715 398 886 439 initium
922 399 1098 451 (Ranar.
1136 413 1195 439 vs.
1238 401 1346 441 1198
1381 406 1521 455 sqq.):

378 474 507 511 :le-SCM
563 477 621 514 καὶ
652 474 732 526 μὴν
760 474 814 525 μὰ
844 475 918 515 τὸν
952 474 1016 514 Δί’
1047 475 1094 514 οὐ
1126 474 1208 514 κατ’
1239 473 1338 521 ἔπος
1368 477 1416 528 ’γέ
1445 493 1520 516 σου
1551 479 1676 516 κνίσω

569 544 613 583 τὸ
643 541 735 597 ῥῆμ’
767 544 957 587 ἕκαστον,
993 542 1106 584 ἀλλὰ
1139 545 1215 584 σὺν
1246 549 1376 584 τοῖσιν
1409 543 1518 591 θεοῖς

569 612 650 653 ἀπὸ
681 610 879 659 ληκυθίου
911 630 986 653 σου
1015 614 1114 659 τοὺς
1143 611 1390 667 προλόγους
1423 611 1638 668 διαφθερῶ.

378 680 470 717 Ew'-
569 681 652 721 ἀπὸ
684 679 880 728 ληκυθίου
912 683 960 722 σὺ
995 683 1092 728 τοὺς
1123 682 1266 733 ἐμούς;

1123 750 1258 787 Aesch.
1318 752 1410 799 ἑνὸς
1439 753 1585 804 μόνου.

568 826 698 867 ποιεῖς
729 821 811 875 γὰρ
842 820 974 867 οὕτως
1006 819 1100 861 ὥστ’
1131 820 1388 875 ἐναρμόττειν
1419 820 1551 866 ἅπαν,

569 892 629 929 καὶ
661 886 863 943 κῳδάριον
896 892 958 930 καὶ
990 888 1186 937 ληκύθιον
1219 892 1279 930 καῖ
1314 888 1533 935 θυλάκιον,

568 960 609 998 ἐν
636 964 723 1005 τοῖς
755 955 991 1012 ἰαμβείοισι·
1025 956 1142 1004 δείξω
1174 957 1206 999 δ’
1239 960 1392 1000 αὐτίκα.

380 1027 471 1064 Eur.
569 1025 680 1072 ι’ὃοὺ,
712 1030 762 1067 σὺ
801 1025 969 1075 &fg-sim

858 1097 992 1134 Aesch.
1039 1100 1151 1151 φημί.

991 1166 1145 1214 Dt'omss.
1191 1169 1251 1207 καὶ
1285 1163 1332 1213 δὴ
1366 1168 1447 1222 χρὴ
1477 1166 1626 1222 λέγειν·

377 1235 470 1272 Eur.
571 1233 806 1288 Αἴγυπτος,
838 1235 895 1281 ὡς
927 1237 948 1275 ὁ
977 1234 1176 1283 πλεῖστος
1208 1235 1402 1291 ἔσπαρται
1436 1235 1570 1291 λόγος
1590 1267 1598 1283 ,

571 1303 644 1350 Ξὺν
674 1308 787 1345 παισὶ
818 1308 1073 1353 πεντήκοντα
1104 1306 1284 1360 ναυτίλῳ
1314 1305 1456 1361 πλάτῃ

564 1374 727 1429 ’Ἄργος
758 1376 979 1430 κατασχὼν

880 1445 1016 1482 AeSCJb·
1062 1444 1262 1494 ληκύθιον
1293 1445 1523 1487 ἀπώλεσεν.
1552 1441 1556 1445 ⁸

383 1524 451 1566 Sic
483 1523 671 1578 plurium
702 1523 974 1579 prologorum
1007 1524 1131 1566 initia
1156 1524 1376 1566 intercinit
1392 1524 1500 1565 illud
1517 1524 1744 1567 molestum

323 1593 532 1648 ληκύθιον,
565 1597 697 1640 donec
729 1598 827 1640 finis
860 1599 1082 1641 certamini
1104 1600 1348 1654 imponatur
1366 1613 1497 1654 quum
1515 1600 1744 1642 verendum

324 1668 378 1710 sit
416 1684 468 1711 ne
499 1685 599 1713 mox
631 1671 722 1726 ipse
754 1686 920 1728 quoque
951 1673 1123 1728 Jupiter
1154 1674 1325 1715 amittat
1367 1688 1491 1715 suum
1523 1674 1742 1716 vasculum

323 1744 657 1798 unguentarium
690 1760 749 1787 vs.
790 1749 900 1787 1244
933 1762 1022 1802 sqq.

384 1818 519 1870 Quam
553 1820 825 1862 vehementer
858 1821 935 1862 hoc
967 1822 1269 1876 Aristophanis
1296 1822 1392 1876 joco
1425 1823 1623 1865 delectati
1656 1824 1742 1865 sint

324 1899 604 1948 spectatores,
640 1895 748 1937 illud
781 1896 1027 1937 testimonio
1059 1902 1147 1948 est,
1178 1896 1289 1951 quod
1312 1897 1517 1951 posterior
1543 1911 1638 1952 pars
1667 1898 1743 1939 tri-

324 1970 449 2010 metri
476 1970 672 2024 iambici,
704 1984 921 2012 caesuram
949 1970 1220 2025 πευθημιμερῆ
1244 1971 1455 2024 habentis,
1473 1971 1572 2013 inde
1589 1986 1743 2014 nomen

323 2043 539 2092 ληκυθεῖου
571 2045 745 2100 accepit.
783 2045 880 2086 Non
914 2049 1025 2087 recte
1059 2050 1201 2087 tamen
1233 2049 1404 2100 putares
1425 2046 1453 2098 ¹,
1488 2046 1744 2088 comicoim-

324 2118 546 2172 probatam
579 2119 713 2162 fuisse
747 2120 884 2175 ipsam
918 2120 1035 2161 illam
1068 2135 1285 2162 caesuram
1324 2127 1422 2176 post
1451 2121 1632 2176 primam
1655 2122 1742 2176 syl-

324 2193 463 2235 labam
499 2195 709 2237 secundae
741 2194 953 2250 dipodiae,
982 2209 1089 2250 quae
1106 2210 1238 2251 quum
1255 2210 1329 2250 per
1345 2210 1389 2238 se
1406 2196 1740 2250 commendetur,

324 2274 416 2310 tum
450 2270 684 2313 innumeris
717 2271 925 2326 exemplis
959 2287 981 2313 e
1012 2271 1182 2326 scriptis
1215 2272 1417 2327 Aeschyli
1436 2271 1742 2327 Sophoclisquc

326 2345 511 2399 ipsiusve
557 2346 859 2401 Aristophanis
907 2346 1076 2388 defendi
1120 2351 1266 2402 posset
1310 2347 1347 2389 si
1378 2361 1484 2402 opus
1516 2346 1739 2388 videretur.

326 2419 458 2460 Plane
507 2420 591 2461 alia
636 2425 738 2462 sunt
794 2421 900 2462 vitia
944 2421 1215 2476 prologorum
1264 2421 1591 2476 Euripideorum
1637 2434 1743 2475 quae

324 2493 401 2536 hoc
448 2499 708 2548 scommate,
758 2495 1016 2537 subobscuro
1064 2495 1267 2549 fortasse,
1310 2502 1432 2538 notat
1461 2495 1668 2546 comicus,
1702 2500 1743 2535 et

325 2574 444 2609 tanto
477 2568 647 2623 quidem
675 2569 770 2622 jure
804 2574 947 2623 notat,
983 2574 1052 2623 ut,
1088 2584 1218 2625 quum
1250 2575 1437 2612 caeterae
1454 2569 1742 2612 accusationes

324 2658 406 2684 non
441 2643 658 2697 pauciores
698 2643 961 2685 adversarios
994 2658 1121 2700 quam
1153 2644 1338 2686 fautores
1371 2644 1634 2696 invenerint,
1671 2643 1741 2684 vix

324 2718 549 2774 quisquam
581 2724 668 2759 tam
702 2733 794 2759 acer
826 2718 1017 2760 extiterit
1050 2718 1266 2773 Euripidis
1299 2718 1528 2759 admirator
1560 2718 1632 2773 qui
1665 2719 1741 2759 hac

368 2884 375 2903 ¹
403 2884 492 2922 Quae
515 2890 563 2914 est
585 2883 793 2915 Valckenarii
819 2884 995 2923 sententia,
1020 2884 1082 2915 vid.
1108 2883 1178 2924 ejus
1201 2890 1309 2915 annot.
1335 2885 1373 2915 ad
1399 2885 1476 2915 Eur.
1498 2883 1628 2924 Hippol.
1651 2893 1695 2914 vs.
1709 2885 1739 2916 2.
