<?xml version="1.0" encoding="UTF-8"?>
<!DOCTYPE html PUBLIC "-//W3C//DTD XHTML 1.0 Transitional//EN"
    "http://www.w3.org/TR/xhtml1/DTD/xhtml1-transitional.dtd">
<html xmlns="http://www.w3.org/1999/xhtml" xml:lang="en" lang="en">
 <head>
  <title>
</title>
<meta http-equiv="Content-Type" content="text/html;charset=utf-8" />
  <meta name='ocr-system' content='tesseract 3.04.00' />
  <meta name='ocr-capabilities' content='ocr_page ocr_carea ocr_par ocr_line ocrx_word'/>
</head>
<body>
  <div class='ocr_page' id='page_1' title='image "./dearistophaneeur00leeuuoft_0101.png"; bbox 0 0 1956 3346; ppageno 0'>
   <div class='ocr_carea' id='block_1_1' title="bbox 913 198 966 231">
    <p class='ocr_par' dir='ltr' id='par_1_1' title="bbox 913 198 966 231">
     <span class='ocr_line' id='line_1_1' title="bbox 913 198 966 231; baseline 0 -1"><span class='ocrx_word' id='word_1_1' title='bbox 913 198 966 231; x_wconf 58' lang='lat' dir='ltr'>st!</span> 
     </span>
    </p>
   </div>
   <div class='ocr_carea' id='block_1_2' title="bbox 230 315 1656 2784">
    <p class='ocr_par' dir='ltr' id='par_1_2' title="bbox 230 315 1654 1720">
     <span class='ocr_line' id='line_1_2' title="bbox 233 315 1651 374; baseline -0.004 -10"><span class='ocrx_word' id='word_1_2' title='bbox 233 322 364 365; x_wconf 86' lang='lat' dir='ltr'>teneri</span> <span class='ocrx_word' id='word_1_3' title='bbox 413 319 634 374; x_wconf 77' lang='lat' dir='ltr'>sanctique</span> <span class='ocrx_word' id='word_1_4' title='bbox 672 317 850 370; x_wconf 83' lang='lat' dir='ltr'>amoris,</span> <span class='ocrx_word' id='word_1_5' title='bbox 898 317 970 358; x_wconf 80' lang='lat' dir='ltr'>sed</span> <span class='ocrx_word' id='word_1_6' title='bbox 1016 315 1184 358; x_wconf 72' lang='lat' dir='ltr'>ardores</span> <span class='ocrx_word' id='word_1_7' title='bbox 1211 316 1443 369; x_wconf 83' lang='lat' dir='ltr'>juvenum,</span> <span class='ocrx_word' id='word_1_8' title='bbox 1475 318 1577 372; x_wconf 79' lang='lat' dir='ltr'>quin</span> <span class='ocrx_word' id='word_1_9' title='bbox 1611 328 1651 359; x_wconf 71' lang='lat' dir='ltr'>et</span> 
     </span>
     <span class='ocr_line' id='line_1_3' title="bbox 230 391 1650 449; baseline -0.004 -10"><span class='ocrx_word' id='word_1_10' title='bbox 230 395 508 448; x_wconf 85' lang='lat' dir='ltr'>maritorum,</span> <span class='ocrx_word' id='word_1_11' title='bbox 539 394 683 449; x_wconf 86' lang='lat' dir='ltr'>potius</span> <span class='ocrx_word' id='word_1_12' title='bbox 710 393 976 434; x_wconf 88' lang='lat' dir='ltr'>hetacrarum</span> <span class='ocrx_word' id='word_1_13' title='bbox 997 391 1295 433; x_wconf 84' lang='lat' dir='ltr'>consuetudini</span> <span class='ocrx_word' id='word_1_14' title='bbox 1317 392 1650 434; x_wconf 83' lang='lat' dir='ltr'>reservabantur.</span> 
     </span>
     <span class='ocr_line' id='line_1_4' title="bbox 232 467 1653 524; baseline -0.003 -11"><span class='ocrx_word' id='word_1_15' title='bbox 232 473 386 514; x_wconf 70' lang='lat' dir='ltr'>Castus</span> <span class='ocrx_word' id='word_1_16' title='bbox 419 469 552 524; x_wconf 85' lang='lat' dir='ltr'>igitur</span> <span class='ocrx_word' id='word_1_17' title='bbox 582 469 691 510; x_wconf 81' lang='lat' dir='ltr'>inter</span> <span class='ocrx_word' id='word_1_18' title='bbox 712 482 918 522; x_wconf 80' lang='lat' dir='ltr'>sponsum</span> <span class='ocrx_word' id='word_1_19' title='bbox 937 481 1223 522; x_wconf 81' lang='lat' dir='ltr'>sponsamque</span> <span class='ocrx_word' id='word_1_20' title='bbox 1241 467 1304 508; x_wconf 87' lang='lat' dir='ltr'>vel</span> <span class='ocrx_word' id='word_1_21' title='bbox 1327 468 1436 508; x_wconf 85' lang='lat' dir='ltr'>inter</span> <span class='ocrx_word' id='word_1_22' title='bbox 1452 467 1653 523; x_wconf 78' lang='lat' dir='ltr'>conjuges</span> 
     </span>
     <span class='ocr_line' id='line_1_5' title="bbox 230 542 1651 600; baseline -0.002 -13"><span class='ocrx_word' id='word_1_23' title='bbox 230 560 348 587; x_wconf 84' lang='lat' dir='ltr'>amor</span> <span class='ocrx_word' id='word_1_24' title='bbox 392 559 541 600; x_wconf 86' lang='lat' dir='ltr'>parum</span> <span class='ocrx_word' id='word_1_25' title='bbox 592 550 752 598; x_wconf 81' lang='lat' dir='ltr'><strong>aptam,</strong></span> <span class='ocrx_word' id='word_1_26' title='bbox 800 542 1063 584; x_wconf 82' lang='lat' dir='ltr'>meretricius</span> <span class='ocrx_word' id='word_1_27' title='bbox 1111 556 1232 593; x_wconf 83' lang='lat' dir='ltr'>vero,</span> <span class='ocrx_word' id='word_1_28' title='bbox 1278 542 1420 583; x_wconf 86' lang='lat' dir='ltr'>licitus</span> <span class='ocrx_word' id='word_1_29' title='bbox 1453 543 1533 584; x_wconf 85' lang='lat' dir='ltr'>etsi</span> <span class='ocrx_word' id='word_1_30' title='bbox 1569 558 1651 584; x_wconf 81' lang='lat' dir='ltr'>non</span> 
     </span>
     <span class='ocr_line' id='line_1_6' title="bbox 230 616 1651 674; baseline -0.001 -13"><span class='ocrx_word' id='word_1_31' title='bbox 230 619 475 674; x_wconf 80' lang='lat' dir='ltr'>legitimus,</span> <span class='ocrx_word' id='word_1_32' title='bbox 513 633 662 674; x_wconf 86' lang='lat' dir='ltr'>parum</span> <span class='ocrx_word' id='word_1_33' title='bbox 696 617 872 672; x_wconf 80' lang='lat' dir='ltr'>dignam</span> <span class='ocrx_word' id='word_1_34' title='bbox 907 616 1137 671; x_wconf 74' lang='lat' dir='ltr'>praebebat</span> <span class='ocrx_word' id='word_1_35' title='bbox 1170 617 1386 658; x_wconf 83' lang='lat' dir='ltr'>materiem</span> <span class='ocrx_word' id='word_1_36' title='bbox 1408 633 1534 673; x_wconf 79' lang='lat' dir='ltr'>quam</span> <span class='ocrx_word' id='word_1_37' title='bbox 1555 619 1651 661; x_wconf 84' lang='lat' dir='ltr'>serii</span> 
     </span>
     <span class='ocr_line' id='line_1_7' title="bbox 230 691 1653 750; baseline -0.001 -14"><span class='ocrx_word' id='word_1_38' title='bbox 230 700 380 750; x_wconf 89' lang='lat' dir='ltr'>poetae</span> <span class='ocrx_word' id='word_1_39' title='bbox 412 699 635 747; x_wconf 60' lang='lat' dir='ltr'>canerent„</span> <span class='ocrx_word' id='word_1_40' title='bbox 662 691 809 746; x_wconf 83' lang='lat' dir='ltr'>Neque</span> <span class='ocrx_word' id='word_1_41' title='bbox 842 691 959 733; x_wconf 81' lang='lat' dir='ltr'>salva</span> <span class='ocrx_word' id='word_1_42' title='bbox 985 691 1202 746; x_wconf 78' lang='lat' dir='ltr'>republica</span> <span class='ocrx_word' id='word_1_43' title='bbox 1221 691 1310 745; x_wconf 82' lang='lat' dir='ltr'>illa,</span> <span class='ocrx_word' id='word_1_44' title='bbox 1335 707 1443 747; x_wconf 82' lang='lat' dir='ltr'>quae</span> <span class='ocrx_word' id='word_1_45' title='bbox 1467 702 1653 735; x_wconf 80' lang='lat' dir='ltr'>creverat</span> 
     </span>
     <span class='ocr_line' id='line_1_8' title="bbox 231 765 1654 823; baseline 0.001 -14"><span class='ocrx_word' id='word_1_46' title='bbox 231 783 304 823; x_wconf 84' lang='lat' dir='ltr'>per</span> <span class='ocrx_word' id='word_1_47' title='bbox 335 767 492 809; x_wconf 88' lang='lat' dir='ltr'>civium</span> <span class='ocrx_word' id='word_1_48' title='bbox 528 766 654 808; x_wconf 91' lang='lat' dir='ltr'>robur</span> <span class='ocrx_word' id='word_1_49' title='bbox 685 777 728 807; x_wconf 82' lang='lat' dir='ltr'>ct</span> <span class='ocrx_word' id='word_1_50' title='bbox 761 780 935 818; x_wconf 86' lang='lat' dir='ltr'>nervos,</span> <span class='ocrx_word' id='word_1_51' title='bbox 971 765 1195 807; x_wconf 86' lang='lat' dir='ltr'>videbatur</span> <span class='ocrx_word' id='word_1_52' title='bbox 1214 767 1441 808; x_wconf 78' lang='lat' dir='ltr'>mulierum</span> <span class='ocrx_word' id='word_1_53' title='bbox 1464 769 1654 810; x_wconf 75' lang='lat' dir='ltr'>conditio</span> 
     </span>
     <span class='ocr_line' id='line_1_9' title="bbox 231 841 1653 899; baseline 0.002 -16"><span class='ocrx_word' id='word_1_54' title='bbox 231 843 387 885; x_wconf 88' lang='lat' dir='ltr'>mutari</span> <span class='ocrx_word' id='word_1_55' title='bbox 404 857 539 897; x_wconf 88' lang='lat' dir='ltr'>posse.</span> <span class='ocrx_word' id='word_1_56' title='bbox 574 841 766 883; x_wconf 82' lang='lat' dir='ltr'>Mascula</span> <span class='ocrx_word' id='word_1_57' title='bbox 783 846 925 883; x_wconf 85' lang='lat' dir='ltr'>autem</span> <span class='ocrx_word' id='word_1_58' title='bbox 945 848 988 883; x_wconf 89' lang='lat' dir='ltr'>et</span> <span class='ocrx_word' id='word_1_59' title='bbox 1005 855 1150 883; x_wconf 85' lang='lat' dir='ltr'>severa</span> <span class='ocrx_word' id='word_1_60' title='bbox 1169 843 1387 897; x_wconf 74' lang='lat' dir='ltr'>tragoedia</span> <span class='ocrx_word' id='word_1_61' title='bbox 1401 844 1653 899; x_wconf 67' lang='lat' dir='ltr'>Aeschylea‚</span> 
     </span>
     <span class='ocr_line' id='line_1_10' title="bbox 231 916 1653 973; baseline 0.004 -16"><span class='ocrx_word' id='word_1_62' title='bbox 231 932 358 973; x_wconf 83' lang='lat' dir='ltr'>quam</span> <span class='ocrx_word' id='word_1_63' title='bbox 392 917 580 959; x_wconf 86' lang='lat' dir='ltr'>comicus</span> <span class='ocrx_word' id='word_1_64' title='bbox 613 916 736 958; x_wconf 87' lang='lat' dir='ltr'>unice</span> <span class='ocrx_word' id='word_1_65' title='bbox 768 916 975 971; x_wconf 79' lang='lat' dir='ltr'>probabat</span> <span class='ocrx_word' id='word_1_66' title='bbox 1008 923 1051 959; x_wconf 87' lang='lat' dir='ltr'>et</span> <span class='ocrx_word' id='word_1_67' title='bbox 1082 917 1247 959; x_wconf 89' lang='lat' dir='ltr'>civitati</span> <span class='ocrx_word' id='word_1_68' title='bbox 1279 917 1459 960; x_wconf 88' lang='lat' dir='ltr'>ducebat</span> <span class='ocrx_word' id='word_1_69' title='bbox 1489 920 1653 970; x_wconf 84' lang='lat' dir='ltr'>utilem,</span> 
     </span>
     <span class='ocr_line' id='line_1_11' title="bbox 230 990 1653 1049; baseline 0.001 -15"><span class='ocrx_word' id='word_1_70' title='bbox 230 1007 314 1034; x_wconf 89' lang='lat' dir='ltr'>non</span> <span class='ocrx_word' id='word_1_71' title='bbox 363 991 544 1046; x_wconf 89' lang='lat' dir='ltr'>majores</span> <span class='ocrx_word' id='word_1_72' title='bbox 591 990 842 1032; x_wconf 83' lang='lat' dir='ltr'>mulieribus</span> <span class='ocrx_word' id='word_1_73' title='bbox 891 991 1098 1033; x_wconf 85' lang='lat' dir='ltr'>tribuerat</span> <span class='ocrx_word' id='word_1_74' title='bbox 1130 1000 1271 1047; x_wconf 89' lang='lat' dir='ltr'>partes</span> <span class='ocrx_word' id='word_1_75' title='bbox 1306 1008 1433 1048; x_wconf 90' lang='lat' dir='ltr'>quam</span> <span class='ocrx_word' id='word_1_76' title='bbox 1467 1009 1571 1049; x_wconf 86' lang='lat' dir='ltr'>quas</span> <span class='ocrx_word' id='word_1_77' title='bbox 1613 996 1653 1036; x_wconf 85' lang='lat' dir='ltr'>in</span> 
     </span>
     <span class='ocr_line' id='line_1_12' title="bbox 231 1063 1652 1122; baseline 0.003 -14"><span class='ocrx_word' id='word_1_78' title='bbox 231 1068 323 1122; x_wconf 78' lang='lat' dir='ltr'>ipsa</span> <span class='ocrx_word' id='word_1_79' title='bbox 353 1065 442 1107; x_wconf 78' lang='lat' dir='ltr'>vita</span> <span class='ocrx_word' id='word_1_80' title='bbox 459 1065 656 1121; x_wconf 77' lang='lat' dir='ltr'>agebant.</span> <span class='ocrx_word' id='word_1_81' title='bbox 696 1067 781 1107; x_wconf 82' lang='grc' dir='ltr'>Σὺν</span> <span class='ocrx_word' id='word_1_82' title='bbox 800 1063 834 1107; x_wconf 68' lang='grc' dir='ltr'>δ’</span> <span class='ocrx_word' id='word_1_83' title='bbox 850 1064 898 1106; x_wconf 79' lang='grc' dir='ltr'>αὖ</span> <span class='ocrx_word' id='word_1_84' title='bbox 915 1067 960 1107; x_wconf 81' lang='grc' dir='ltr'>τὸ</span> <span class='ocrx_word' id='word_1_85' title='bbox 977 1069 1102 1121; x_wconf 80' lang='grc' dir='ltr'>σιγᾶν</span> <span class='ocrx_word' id='word_1_86' title='bbox 1119 1069 1182 1108; x_wconf 80' lang='grc' dir='ltr'>καὶ</span> <span class='ocrx_word' id='word_1_87' title='bbox 1198 1069 1331 1120; x_wconf 81' lang='grc' dir='ltr'>μένειν</span> <span class='ocrx_word' id='word_1_88' title='bbox 1348 1068 1442 1110; x_wconf 77' lang='grc' dir='ltr'>εἵσω</span> <span class='ocrx_word' id='word_1_89' title='bbox 1459 1067 1599 1121; x_wconf 70' lang='grc' dir='ltr'>δόμων</span> <span class='ocrx_word' id='word_1_90' title='bbox 1618 1072 1626 1095; x_wconf 86' lang='lat'><strong>¹</strong></span> <span class='ocrx_word' id='word_1_91' title='bbox 1645 1086 1652 1107; x_wconf 73' lang='grc' dir='ltr'>ἰ</span> 
     </span>
     <span class='ocr_line' id='line_1_13' title="bbox 230 1139 1652 1198; baseline 0.001 -14"><span class='ocrx_word' id='word_1_92' title='bbox 230 1141 332 1184; x_wconf 86' lang='lat' dir='ltr'>haec</span> <span class='ocrx_word' id='word_1_93' title='bbox 378 1141 503 1183; x_wconf 88' lang='lat' dir='ltr'>verba</span> <span class='ocrx_word' id='word_1_94' title='bbox 551 1139 739 1181; x_wconf 89' lang='lat' dir='ltr'>Eteoclis</span> <span class='ocrx_word' id='word_1_95' title='bbox 772 1139 825 1180; x_wconf 88' lang='lat' dir='ltr'>ad</span> <span class='ocrx_word' id='word_1_96' title='bbox 857 1139 1036 1181; x_wconf 87' lang='lat' dir='ltr'>chorum</span> <span class='ocrx_word' id='word_1_97' title='bbox 1077 1140 1375 1184; x_wconf 89' lang='lat' dir='ltr'>Thebanarum</span> <span class='ocrx_word' id='word_1_98' title='bbox 1408 1143 1652 1198; x_wconf 82' lang='lat' dir='ltr'>mulierum,</span> 
     </span>
     <span class='ocr_line' id='line_1_14' title="bbox 230 1215 1654 1275; baseline 0.001 -16"><span class='ocrx_word' id='word_1_99' title='bbox 230 1218 333 1260; x_wconf 89' lang='lat' dir='ltr'>dum</span> <span class='ocrx_word' id='word_1_100' title='bbox 366 1216 460 1259; x_wconf 91' lang='lat' dir='ltr'>urbi</span> <span class='ocrx_word' id='word_1_101' title='bbox 491 1215 896 1271; x_wconf 86' lang='lat' dir='ltr'>appropinquabant</span> <span class='ocrx_word' id='word_1_102' title='bbox 928 1215 1074 1257; x_wconf 89' lang='lat' dir='ltr'>hostes</span> <span class='ocrx_word' id='word_1_103' title='bbox 1108 1216 1457 1272; x_wconf 85' lang='lat' dir='ltr'>lamentantium,</span> <span class='ocrx_word' id='word_1_104' title='bbox 1487 1221 1654 1275; x_wconf 79' lang='lat' dir='ltr'>egregie</span> 
     </span>
     <span class='ocr_line' id='line_1_15' title="bbox 230 1290 1651 1347; baseline 0.003 -13"><span class='ocrx_word' id='word_1_105' title='bbox 230 1292 479 1347; x_wconf 84' lang='lat' dir='ltr'>exprimunt</span> <span class='ocrx_word' id='word_1_106' title='bbox 525 1290 629 1347; x_wconf 88' lang='lat' dir='ltr'>quid</span> <span class='ocrx_word' id='word_1_107' title='bbox 678 1290 916 1345; x_wconf 85' lang='lat' dir='ltr'>Aeschylus</span> <span class='ocrx_word' id='word_1_108' title='bbox 965 1291 1017 1333; x_wconf 91' lang='lat' dir='ltr'>de</span> <span class='ocrx_word' id='word_1_109' title='bbox 1063 1306 1168 1334; x_wconf 82' lang='lat' dir='ltr'>sexu</span> <span class='ocrx_word' id='word_1_110' title='bbox 1216 1293 1420 1337; x_wconf 89' lang='lat' dir='ltr'>debiliore</span> <span class='ocrx_word' id='word_1_111' title='bbox 1459 1297 1651 1338; x_wconf 78' lang='lat' dir='ltr'>senserit.</span> 
     </span>
     <span class='ocr_line' id='line_1_16' title="bbox 232 1365 1653 1421; baseline 0.003 -12"><span class='ocrx_word' id='word_1_112' title='bbox 232 1366 341 1410; x_wconf 88' lang='lat' dir='ltr'>Cum</span> <span class='ocrx_word' id='word_1_113' title='bbox 387 1381 435 1408; x_wconf 92' lang='lat' dir='ltr'>eo</span> <span class='ocrx_word' id='word_1_114' title='bbox 483 1371 628 1408; x_wconf 85' lang='lat' dir='ltr'>autem</span> <span class='ocrx_word' id='word_1_115' title='bbox 660 1365 843 1407; x_wconf 86' lang='lat' dir='ltr'>faciebat</span> <span class='ocrx_word' id='word_1_116' title='bbox 875 1365 1216 1421; x_wconf 85' lang='lat' dir='ltr'>Aristophanes,</span> <span class='ocrx_word' id='word_1_117' title='bbox 1253 1368 1437 1411; x_wconf 88' lang='lat' dir='ltr'>novitati</span> <span class='ocrx_word' id='word_1_118' title='bbox 1471 1370 1653 1413; x_wconf 84' lang='lat' dir='ltr'>infestus</span> 
     </span>
     <span class='ocr_line' id='line_1_17' title="bbox 230 1439 1652 1501; baseline 0.002 -17"><span class='ocrx_word' id='word_1_119' title='bbox 230 1448 274 1484; x_wconf 89' lang='lat' dir='ltr'>et</span> <span class='ocrx_word' id='word_1_120' title='bbox 320 1440 588 1483; x_wconf 87' lang='lat' dir='ltr'>mollioribus</span> <span class='ocrx_word' id='word_1_121' title='bbox 635 1439 767 1482; x_wconf 89' lang='lat' dir='ltr'>animi</span> <span class='ocrx_word' id='word_1_122' title='bbox 816 1440 1013 1482; x_wconf 87' lang='lat' dir='ltr'>sensibus</span> <span class='ocrx_word' id='word_1_123' title='bbox 1063 1455 1144 1482; x_wconf 94' lang='lat' dir='ltr'>non</span> <span class='ocrx_word' id='word_1_124' title='bbox 1195 1442 1254 1484; x_wconf 91' lang='lat' dir='ltr'>ita</span> <span class='ocrx_word' id='word_1_125' title='bbox 1291 1444 1486 1499; x_wconf 85' lang='lat' dir='ltr'>pervius,</span> <span class='ocrx_word' id='word_1_126' title='bbox 1521 1461 1652 1501; x_wconf 88' lang='lat' dir='ltr'>quum</span> 
     </span>
     <span class='ocr_line' id='line_1_18' title="bbox 230 1515 1653 1576; baseline 0.004 -19"><span class='ocrx_word' id='word_1_127' title='bbox 230 1515 480 1572; x_wconf 83' lang='lat' dir='ltr'>praesertim</span> <span class='ocrx_word' id='word_1_128' title='bbox 514 1516 683 1557; x_wconf 88' lang='lat' dir='ltr'>timeret</span> <span class='ocrx_word' id='word_1_129' title='bbox 715 1529 767 1556; x_wconf 91' lang='lat' dir='ltr'>ne</span> <span class='ocrx_word' id='word_1_130' title='bbox 798 1529 873 1570; x_wconf 89' lang='lat' dir='ltr'>per</span> <span class='ocrx_word' id='word_1_131' title='bbox 904 1530 1048 1558; x_wconf 84' lang='lat' dir='ltr'>musas</span> <span class='ocrx_word' id='word_1_132' title='bbox 1080 1517 1333 1573; x_wconf 85' lang='lat' dir='ltr'>Euripideas</span> <span class='ocrx_word' id='word_1_133' title='bbox 1361 1534 1479 1562; x_wconf 85' lang='lat' dir='ltr'>amor</span> <span class='ocrx_word' id='word_1_134' title='bbox 1498 1521 1653 1576; x_wconf 76' lang='lat' dir='ltr'>juven-</span> 
     </span>
     <span class='ocr_line' id='line_1_19' title="bbox 231 1589 1653 1650; baseline 0.001 -17"><span class='ocrx_word' id='word_1_135' title='bbox 231 1590 316 1633; x_wconf 85' lang='lat' dir='ltr'>tuti</span> <span class='ocrx_word' id='word_1_136' title='bbox 349 1589 608 1632; x_wconf 88' lang='lat' dir='ltr'>Atheniensi</span> <span class='ocrx_word' id='word_1_137' title='bbox 629 1589 1002 1632; x_wconf 86' lang='lat' dir='ltr'>commendaretur</span> <span class='ocrx_word' id='word_1_138' title='bbox 1020 1596 1224 1647; x_wconf 88' lang='lat' dir='ltr'>tanquam</span> <span class='ocrx_word' id='word_1_139' title='bbox 1245 1607 1308 1635; x_wconf 86' lang='lat' dir='ltr'>res</span> <span class='ocrx_word' id='word_1_140' title='bbox 1326 1594 1464 1636; x_wconf 91' lang='lat' dir='ltr'>multo</span> <span class='ocrx_word' id='word_1_141' title='bbox 1482 1596 1653 1650; x_wconf 75' lang='lat' dir='ltr'>majoris</span> 
     </span>
     <span class='ocr_line' id='line_1_20' title="bbox 230 1663 1241 1720; baseline 0.002 -13"><span class='ocrx_word' id='word_1_142' title='bbox 230 1663 438 1707; x_wconf 89' lang='lat' dir='ltr'>momenti</span> <span class='ocrx_word' id='word_1_143' title='bbox 470 1678 598 1720; x_wconf 88' lang='lat' dir='ltr'>quam</span> <span class='ocrx_word' id='word_1_144' title='bbox 631 1679 655 1706; x_wconf 85' lang='lat' dir='ltr'>a</span> <span class='ocrx_word' id='word_1_145' title='bbox 685 1664 880 1719; x_wconf 88' lang='lat' dir='ltr'>patribus</span> <span class='ocrx_word' id='word_1_146' title='bbox 913 1665 1086 1708; x_wconf 84' lang='lat' dir='ltr'>habitus</span> <span class='ocrx_word' id='word_1_147' title='bbox 1118 1673 1241 1709; x_wconf 89' lang='lat' dir='ltr'>esset.</span> 
     </span>
    </p>

    <p class='ocr_par' dir='ltr' id='par_1_3' title="bbox 231 1738 1656 2784">
     <span class='ocr_line' id='line_1_21' title="bbox 290 1738 1653 1799; baseline 0.006 -18"><span class='ocrx_word' id='word_1_148' title='bbox 290 1739 408 1781; x_wconf 88' lang='lat' dir='ltr'>Haec</span> <span class='ocrx_word' id='word_1_149' title='bbox 441 1738 586 1780; x_wconf 86' lang='lat' dir='ltr'>omnia</span> <span class='ocrx_word' id='word_1_150' title='bbox 617 1739 653 1781; x_wconf 90' lang='lat' dir='ltr'>si</span> <span class='ocrx_word' id='word_1_151' title='bbox 672 1739 779 1781; x_wconf 90' lang='lat' dir='ltr'>bene</span> <span class='ocrx_word' id='word_1_152' title='bbox 795 1740 1126 1795; x_wconf 89' lang='lat' dir='ltr'>perpendimus,</span> <span class='ocrx_word' id='word_1_153' title='bbox 1152 1742 1211 1784; x_wconf 86' lang='lat' dir='ltr'>ita</span> <span class='ocrx_word' id='word_1_154' title='bbox 1229 1757 1359 1799; x_wconf 89' lang='lat' dir='ltr'>prope</span> <span class='ocrx_word' id='word_1_155' title='bbox 1376 1746 1653 1788; x_wconf 85' lang='lat' dir='ltr'>statuendum</span> 
     </span>
     <span class='ocr_line' id='line_1_22' title="bbox 231 1813 1655 1875; baseline 0.006 -19"><span class='ocrx_word' id='word_1_156' title='bbox 231 1814 336 1857; x_wconf 89' lang='lat' dir='ltr'>erit:</span> <span class='ocrx_word' id='word_1_157' title='bbox 386 1813 702 1856; x_wconf 86' lang='lat' dir='ltr'>accusationem</span> <span class='ocrx_word' id='word_1_158' title='bbox 750 1814 802 1856; x_wconf 88' lang='lat' dir='ltr'>de</span> <span class='ocrx_word' id='word_1_159' title='bbox 848 1828 932 1870; x_wconf 91' lang='lat' dir='ltr'>qua</span> <span class='ocrx_word' id='word_1_160' title='bbox 979 1830 1091 1858; x_wconf 91' lang='lat' dir='ltr'>nunc</span> <span class='ocrx_word' id='word_1_161' title='bbox 1135 1818 1304 1872; x_wconf 80' lang='lat' dir='ltr'>agimus</span> <span class='ocrx_word' id='word_1_162' title='bbox 1346 1821 1485 1875; x_wconf 90' lang='lat' dir='ltr'>prima</span> <span class='ocrx_word' id='word_1_163' title='bbox 1516 1822 1655 1864; x_wconf 81' lang='lat' dir='ltr'>fronte</span> 
     </span>
     <span class='ocr_line' id='line_1_23' title="bbox 231 1888 1652 1951; baseline 0.005 -20"><span class='ocrx_word' id='word_1_164' title='bbox 231 1889 359 1946; x_wconf 86' lang='lat' dir='ltr'>plane</span> <span class='ocrx_word' id='word_1_165' title='bbox 407 1888 561 1930; x_wconf 89' lang='lat' dir='ltr'>falsam</span> <span class='ocrx_word' id='word_1_166' title='bbox 610 1888 769 1941; x_wconf 88' lang='lat' dir='ltr'>videri,</span> <span class='ocrx_word' id='word_1_167' title='bbox 816 1903 891 1931; x_wconf 87' lang='lat' dir='ltr'>nec</span> <span class='ocrx_word' id='word_1_168' title='bbox 926 1904 1068 1932; x_wconf 83' lang='lat' dir='ltr'>revera</span> <span class='ocrx_word' id='word_1_169' title='bbox 1099 1891 1152 1933; x_wconf 89' lang='lat' dir='ltr'>ab</span> <span class='ocrx_word' id='word_1_170' title='bbox 1185 1893 1302 1934; x_wconf 90' lang='lat' dir='ltr'>omni</span> <span class='ocrx_word' id='word_1_171' title='bbox 1335 1901 1455 1949; x_wconf 88' lang='lat' dir='ltr'>parte</span> <span class='ocrx_word' id='word_1_172' title='bbox 1486 1897 1652 1951; x_wconf 85' lang='lat' dir='ltr'>probari</span> 
     </span>
     <span class='ocr_line' id='line_1_24' title="bbox 232 1963 1655 2021; baseline 0.006 -15"><span class='ocrx_word' id='word_1_173' title='bbox 232 1978 382 2020; x_wconf 84' lang='lat' dir='ltr'>posse3</span> <span class='ocrx_word' id='word_1_174' title='bbox 415 1963 489 2006; x_wconf 91' lang='lat' dir='ltr'>sed</span> <span class='ocrx_word' id='word_1_175' title='bbox 522 1969 694 2016; x_wconf 86' lang='lat' dir='ltr'>tamen,</span> <span class='ocrx_word' id='word_1_176' title='bbox 728 1964 855 2005; x_wconf 91' lang='lat' dir='ltr'>modo</span> <span class='ocrx_word' id='word_1_177' title='bbox 888 1972 1000 2007; x_wconf 88' lang='lat' dir='ltr'>recte</span> <span class='ocrx_word' id='word_1_178' title='bbox 1017 1966 1277 2021; x_wconf 81' lang='lat' dir='ltr'>explicetur,</span> <span class='ocrx_word' id='word_1_179' title='bbox 1298 1969 1483 2011; x_wconf 90' lang='lat' dir='ltr'>multum</span> <span class='ocrx_word' id='word_1_180' title='bbox 1503 1971 1655 2014; x_wconf 86' lang='lat' dir='ltr'>habere</span> 
     </span>
     <span class='ocr_line' id='line_1_25' title="bbox 231 2039 1655 2096; baseline 0.006 -15"><span class='ocrx_word' id='word_1_181' title='bbox 231 2054 314 2096; x_wconf 92' lang='lat' dir='ltr'>quo</span> <span class='ocrx_word' id='word_1_182' title='bbox 361 2054 404 2081; x_wconf 86' lang='lat' dir='ltr'>se</span> <span class='ocrx_word' id='word_1_183' title='bbox 452 2044 649 2092; x_wconf 88' lang='lat' dir='ltr'>tueatur,</span> <span class='ocrx_word' id='word_1_184' title='bbox 699 2044 765 2092; x_wconf 89' lang='lat' dir='ltr'>et,</span> <span class='ocrx_word' id='word_1_185' title='bbox 815 2039 851 2081; x_wconf 87' lang='lat' dir='ltr'>si</span> <span class='ocrx_word' id='word_1_186' title='bbox 895 2045 944 2082; x_wconf 90' lang='lat' dir='ltr'>ut</span> <span class='ocrx_word' id='word_1_187' title='bbox 975 2055 1052 2096; x_wconf 89' lang='lat' dir='ltr'>par</span> <span class='ocrx_word' id='word_1_188' title='bbox 1089 2047 1154 2084; x_wconf 87' lang='lat' dir='ltr'>est</span> <span class='ocrx_word' id='word_1_189' title='bbox 1178 2041 1397 2096; x_wconf 89' lang='lat' dir='ltr'>judicetur</span> <span class='ocrx_word' id='word_1_190' title='bbox 1429 2061 1479 2087; x_wconf 83' lang='lat' dir='ltr'>cx</span> <span class='ocrx_word' id='word_1_191' title='bbox 1513 2056 1655 2089; x_wconf 86' lang='lat' dir='ltr'>mente</span> 
     </span>
     <span class='ocr_line' id='line_1_26' title="bbox 234 2114 1655 2173; baseline 0.006 -16"><span class='ocrx_word' id='word_1_192' title='bbox 234 2114 553 2170; x_wconf 82' lang='lat' dir='ltr'>AristophaniS,</span> <span class='ocrx_word' id='word_1_193' title='bbox 607 2114 716 2155; x_wconf 90' lang='lat' dir='ltr'>nihil</span> <span class='ocrx_word' id='word_1_194' title='bbox 749 2120 861 2157; x_wconf 88' lang='lat' dir='ltr'>certe</span> <span class='ocrx_word' id='word_1_195' title='bbox 893 2116 1031 2159; x_wconf 91' lang='lat' dir='ltr'>inesse</span> <span class='ocrx_word' id='word_1_196' title='bbox 1068 2118 1318 2162; x_wconf 89' lang='lat' dir='ltr'>calumniae.</span> <span class='ocrx_word' id='word_1_197' title='bbox 1357 2121 1480 2173; x_wconf 86' lang='lat' dir='ltr'>Quod</span> <span class='ocrx_word' id='word_1_198' title='bbox 1510 2131 1655 2165; x_wconf 78' lang='lat' dir='ltr'>autern</span> 
     </span>
     <span class='ocr_line' id='line_1_27' title="bbox 231 2189 1656 2255; baseline 0.006 -22"><span class='ocrx_word' id='word_1_199' title='bbox 231 2190 389 2233; x_wconf 88' lang='lat' dir='ltr'>attinet</span> <span class='ocrx_word' id='word_1_200' title='bbox 420 2189 475 2231; x_wconf 89' lang='lat' dir='ltr'>ad</span> <span class='ocrx_word' id='word_1_201' title='bbox 509 2189 624 2232; x_wconf 91' lang='lat' dir='ltr'>istud</span> <span class='ocrx_word' id='word_1_202' title='bbox 658 2190 886 2232; x_wconf 85' lang='lat' dir='ltr'>mulierum</span> <span class='ocrx_word' id='word_1_203' title='bbox 919 2192 1065 2234; x_wconf 89' lang='lat' dir='ltr'>odium</span> <span class='ocrx_word' id='word_1_204' title='bbox 1100 2194 1212 2236; x_wconf 88' lang='lat' dir='ltr'>unde</span> <span class='ocrx_word' id='word_1_205' title='bbox 1245 2201 1307 2237; x_wconf 90' lang='lat' dir='ltr'>tot</span> <span class='ocrx_word' id='word_1_206' title='bbox 1330 2197 1656 2255; x_wconf 85' lang='lat' dir='ltr'>risusjocosquc</span> 
     </span>
     <span class='ocr_line' id='line_1_28' title="bbox 231 2265 1654 2328; baseline 0.008 -22"><span class='ocrx_word' id='word_1_207' title='bbox 231 2266 354 2308; x_wconf 83' lang='lat' dir='ltr'>duxit</span> <span class='ocrx_word' id='word_1_208' title='bbox 403 2265 740 2320; x_wconf 84' lang='lat' dir='ltr'>Aristophanes,</span> <span class='ocrx_word' id='word_1_209' title='bbox 774 2265 818 2307; x_wconf 90' lang='lat' dir='ltr'>id</span> <span class='ocrx_word' id='word_1_210' title='bbox 851 2267 1022 2322; x_wconf 89' lang='lat' dir='ltr'>quidem</span> <span class='ocrx_word' id='word_1_211' title='bbox 1048 2268 1140 2324; x_wconf 87' lang='lat' dir='ltr'>jam</span> <span class='ocrx_word' id='word_1_212' title='bbox 1172 2272 1492 2328; x_wconf 82' lang='lat' dir='ltr'>perspeximus,</span> <span class='ocrx_word' id='word_1_213' title='bbox 1528 2275 1654 2318; x_wconf 89' lang='lat' dir='ltr'>Euri-</span> 
     </span>
     <span class='ocr_line' id='line_1_29' title="bbox 232 2340 1650 2396; baseline 0.009 -15"><span class='ocrx_word' id='word_1_214' title='bbox 232 2340 388 2396; x_wconf 85' lang='lat' dir='ltr'>pidem,</span> <span class='ocrx_word' id='word_1_215' title='bbox 438 2341 473 2382; x_wconf 87' lang='lat' dir='ltr'>si</span> <span class='ocrx_word' id='word_1_216' title='bbox 516 2340 661 2382; x_wconf 87' lang='lat' dir='ltr'>oderat</span> <span class='ocrx_word' id='word_1_217' title='bbox 696 2341 919 2395; x_wconf 87' lang='lat' dir='ltr'>mulieres,</span> <span class='ocrx_word' id='word_1_218' title='bbox 954 2343 1107 2385; x_wconf 87' lang='lat' dir='ltr'>saltem</span> <span class='ocrx_word' id='word_1_219' title='bbox 1140 2360 1210 2387; x_wconf 89' lang='lat' dir='ltr'>cas</span> <span class='ocrx_word' id='word_1_220' title='bbox 1245 2361 1328 2389; x_wconf 90' lang='lat' dir='ltr'>non</span> <span class='ocrx_word' id='word_1_221' title='bbox 1361 2351 1650 2393; x_wconf 75' lang='lat' dir='ltr'>contemsisse.</span> 
     </span>
     <span class='ocr_line' id='line_1_30' title="bbox 232 2415 1652 2477; baseline 0.011 -21"><span class='ocrx_word' id='word_1_222' title='bbox 232 2417 291 2457; x_wconf 79' lang='lat' dir='ltr'>At</span> <span class='ocrx_word' id='word_1_223' title='bbox 339 2415 478 2470; x_wconf 85' lang='lat' dir='ltr'>ipsum</span> <span class='ocrx_word' id='word_1_224' title='bbox 528 2415 635 2457; x_wconf 89' lang='lat' dir='ltr'>illud</span> <span class='ocrx_word' id='word_1_225' title='bbox 669 2415 815 2458; x_wconf 86' lang='lat' dir='ltr'>odium</span> <span class='ocrx_word' id='word_1_226' title='bbox 855 2432 939 2459; x_wconf 92' lang='lat' dir='ltr'>non</span> <span class='ocrx_word' id='word_1_227' title='bbox 973 2418 1205 2462; x_wconf 85' lang='lat' dir='ltr'>admodum</span> <span class='ocrx_word' id='word_1_228' title='bbox 1237 2425 1378 2477; x_wconf 87' lang='lat' dir='ltr'>potuit</span> <span class='ocrx_word' id='word_1_229' title='bbox 1412 2442 1503 2469; x_wconf 82' lang='lat' dir='ltr'>esse</span> <span class='ocrx_word' id='word_1_230' title='bbox 1535 2442 1652 2475; x_wconf 72' lang='lat' dir='ltr'>acre.</span> 
     </span>
     <span class='ocr_line' id='line_1_31' title="bbox 231 2490 1653 2546; baseline 0.008 -13"><span class='ocrx_word' id='word_1_231' title='bbox 231 2495 342 2533; x_wconf 83' lang='lat' dir='ltr'>certe</span> <span class='ocrx_word' id='word_1_232' title='bbox 375 2505 458 2532; x_wconf 90' lang='lat' dir='ltr'>non</span> <span class='ocrx_word' id='word_1_233' title='bbox 492 2490 711 2546; x_wconf 79' lang='lat' dir='ltr'>pertinaX,</span> <span class='ocrx_word' id='word_1_234' title='bbox 746 2505 876 2546; x_wconf 91' lang='lat' dir='ltr'>quum</span> <span class='ocrx_word' id='word_1_235' title='bbox 913 2498 977 2534; x_wconf 90' lang='lat' dir='ltr'>tot</span> <span class='ocrx_word' id='word_1_236' title='bbox 1004 2493 1199 2537; x_wconf 84' lang='lat' dir='ltr'>heroinas</span> <span class='ocrx_word' id='word_1_237' title='bbox 1231 2497 1506 2544; x_wconf 77' lang='lat' dir='ltr'>celebraverit-</span> <span class='ocrx_word' id='word_1_238' title='bbox 1538 2505 1653 2545; x_wconf 81' lang='lat' dir='ltr'>omni</span> 
     </span>
     <span class='ocr_line' id='line_1_32' title="bbox 233 2565 1653 2632; baseline 0.011 -25"><span class='ocrx_word' id='word_1_239' title='bbox 233 2565 357 2608; x_wconf 84' lang='lat' dir='ltr'>laude</span> <span class='ocrx_word' id='word_1_240' title='bbox 404 2565 570 2621; x_wconf 88' lang='lat' dir='ltr'>dignas.</span> <span class='ocrx_word' id='word_1_241' title='bbox 623 2565 827 2608; x_wconf 87' lang='lat' dir='ltr'>Notabile</span> <span class='ocrx_word' id='word_1_242' title='bbox 871 2569 977 2610; x_wconf 90' lang='lat' dir='ltr'>mihi</span> <span class='ocrx_word' id='word_1_243' title='bbox 1011 2570 1200 2626; x_wconf 86' lang='lat' dir='ltr'>videtur,</span> <span class='ocrx_word' id='word_1_244' title='bbox 1235 2588 1332 2616; x_wconf 90' lang='lat' dir='ltr'>eum</span> <span class='ocrx_word' id='word_1_245' title='bbox 1367 2576 1409 2618; x_wconf 89' lang='lat' dir='ltr'>in</span> <span class='ocrx_word' id='word_1_246' title='bbox 1443 2579 1653 2632; x_wconf 77' lang='lat' dir='ltr'>prioribus</span> 
     </span>
     <span class='ocr_line' id='line_1_33' title="bbox 234 2639 1652 2698; baseline 0.011 -16"><span class='ocrx_word' id='word_1_247' title='bbox 234 2639 388 2682; x_wconf 85' lang='lat' dir='ltr'>fabulis</span> <span class='ocrx_word' id='word_1_248' title='bbox 421 2640 614 2694; x_wconf 84' lang='lat' dir='ltr'>(Medea,</span> <span class='ocrx_word' id='word_1_249' title='bbox 652 2640 911 2697; x_wconf 88' lang='lat' dir='ltr'>Hippolyto)</span> <span class='ocrx_word' id='word_1_250' title='bbox 945 2644 1081 2687; x_wconf 83' lang='lat' dir='ltr'>inulto</span> <span class='ocrx_word' id='word_1_251' title='bbox 1115 2647 1408 2693; x_wconf 78' lang='lat' dir='ltr'>vehementius</span> <span class='ocrx_word' id='word_1_252' title='bbox 1438 2653 1578 2697; x_wconf 82' lang='lat' dir='ltr'>invehi</span> <span class='ocrx_word' id='word_1_253' title='bbox 1610 2657 1652 2698; x_wconf 88' lang='lat' dir='ltr'>in</span> 
     </span>
     <span class='ocr_line' id='line_1_34' title="bbox 234 2715 1651 2784; baseline 0.012 -26"><span class='ocrx_word' id='word_1_254' title='bbox 234 2716 432 2758; x_wconf 86' lang='lat' dir='ltr'>mulieres</span> <span class='ocrx_word' id='word_1_255' title='bbox 465 2729 594 2770; x_wconf 85' lang='lat' dir='ltr'>quam</span> <span class='ocrx_word' id='word_1_256' title='bbox 630 2715 669 2756; x_wconf 88' lang='lat' dir='ltr'>in</span> <span class='ocrx_word' id='word_1_257' title='bbox 706 2715 756 2757; x_wconf 84' lang='lat' dir='ltr'>iis</span> <span class='ocrx_word' id='word_1_258' title='bbox 785 2731 889 2771; x_wconf 81' lang='lat' dir='ltr'>quas</span> <span class='ocrx_word' id='word_1_259' title='bbox 913 2720 1216 2763; x_wconf 83' lang='lat' dir='ltr'>maturioribus</span> <span class='ocrx_word' id='word_1_260' title='bbox 1238 2725 1362 2766; x_wconf 88' lang='lat' dir='ltr'>annis</span> <span class='ocrx_word' id='word_1_261' title='bbox 1388 2732 1651 2784; x_wconf 83' lang='lat' dir='ltr'>composuit:</span> 
     </span>
    </p>
   </div>
   <div class='ocr_carea' id='block_1_3' title="bbox 280 2875 903 2921">
    <p class='ocr_par' dir='ltr' id='par_1_4' title="bbox 280 2875 903 2921">
     <span class='ocr_line' id='line_1_35' title="bbox 280 2875 903 2921; baseline -0.008 -9"><span class='ocrx_word' id='word_1_262' title='bbox 280 2881 287 2900; x_wconf 89' lang='lat'>¹</span> <span class='ocrx_word' id='word_1_263' title='bbox 316 2880 436 2911; x_wconf 79' lang='lat' dir='ltr'>Aesch.</span> <span class='ocrx_word' id='word_1_264' title='bbox 459 2883 549 2921; x_wconf 69' lang='lat' dir='ltr'>Sept.</span> <span class='ocrx_word' id='word_1_265' title='bbox 575 2892 601 2911; x_wconf 86' lang='lat' dir='ltr'>c.</span> <span class='ocrx_word' id='word_1_266' title='bbox 628 2875 732 2913; x_wconf 79' lang='lat' dir='ltr'>Theb.</span> <span class='ocrx_word' id='word_1_267' title='bbox 760 2894 804 2913; x_wconf 65' lang='lat' dir='ltr'>vs.</span> <span class='ocrx_word' id='word_1_268' title='bbox 829 2885 903 2915; x_wconf 52' lang='lat'>232,</span> 
     </span>
    </p>
   </div>
  </div>
 </body>
</html>
