1956 3346
862 210 913 247 :57

176 333 302 386 linis,
336 331 409 387 qui
442 330 688 386 adoptionis
716 336 864 373 auctor
896 331 1121 384 extiterat,
1148 330 1356 386 templum
1378 328 1597 370 incendere

176 407 306 459 velit,
354 405 617 448 assentiente
670 405 919 461 paedagogo
943 411 970 458 ¹,
1015 405 1082 447 cui
1131 405 1305 459 insuper
1341 402 1517 445 mandat
1552 408 1599 443 ut

168 481 341 537 juvenis
371 480 523 536 poculo
558 480 797 522 immisceat
827 495 1052 523 venenum.
1103 481 1282 523 Detecto
1303 478 1456 521 scelere
1477 483 1598 519 ante-

175 571 303 613 quam
349 554 568 610 potionem
613 555 831 598 exitialem
879 556 1088 608 hauriret,
1136 556 1213 597 Ion
1269 568 1436 610 quoque
1485 559 1598 593 atro-

175 633 278 674 citer
323 631 480 683 saevit,
528 637 571 673 et
618 631 705 673 leni
748 631 820 674 ille
867 631 1011 673 animo
1039 630 1234 686 juvenis,
1269 644 1397 686 quem
1431 629 1472 670 in
1503 626 1599 668 dra-

176 707 305 749 matis
353 707 478 750 initio
510 721 652 749 amare
687 721 983 762 coeperamus,
1018 707 1079 748 sic
1113 707 1164 748 (le
1199 705 1391 761 improba
1423 703 1601 745 muliere

176 782 389 825 exclamat
424 786 504 833 (vs.
546 783 655 824 1266
689 784 829 837 sqq.):

389 855 577 903 λάζυσθ’,
605 855 656 897 ἵν’
684 857 808 905 αὐτῆς
838 858 936 905 τοὺς
966 855 1199 912 ἆκηράτους
1228 854 1416 902 πλόκους

391 927 519 978 κόμης
548 924 803 974 καταξήνωσι
844 930 1072 982 Παρνασοῦ
1102 925 1278 973 πλάκες,

392 993 488 1037 ὅθεν
517 1001 711 1050 πετραῖον
742 995 853 1048 ἅλμα
885 993 1202 1042 δισκευθίισεται·

180 1065 292 1117 Quin
332 1063 425 1118 jam
476 1064 518 1105 in
568 1078 615 1106 eo
666 1070 732 1106 est
764 1071 813 1106 ut
846 1079 940 1107 eam
973 1065 1027 1106 ad
1060 1065 1223 1107 Phoebi
1254 1079 1371 1107 aram
1405 1063 1603 1116 trucidet,

178 1154 311 1196 quum
353 1139 533 1193 Pythiae
576 1145 620 1181 et
658 1154 758 1181 mox
793 1139 984 1182 Palladis
1016 1142 1181 1195 opera‘2
1214 1140 1343 1182 discit
1380 1154 1472 1181 eam
1514 1153 1606 1180 esse

180 1230 300 1259 suam
341 1229 393 1257 ex
426 1214 630 1270 Apolline
660 1221 862 1269 matrem,
893 1215 1152 1271 jamdudum
1185 1214 1334 1257 amissi
1364 1214 1444 1256 filii
1475 1213 1606 1255 vesti-

179 1291 299 1346 gium
343 1294 634 1346 quaerentem.
701 1290 781 1331 Per
813 1290 1134 1332 conversionem
1165 1290 1353 1332 subitam
1385 1289 1448 1331 ira
1476 1288 1606 1339 cadit,

181 1364 369 1407 succedit
413 1363 645 1419 gaudium,
695 1370 738 1406 et
783 1370 934 1406 mutuo
985 1364 1189 1419 amplexu
1235 1370 1373 1406 mater
1417 1368 1460 1405 et
1491 1362 1608 1404 filius

181 1456 272 1484 sese
317 1439 667 1482 exosculantu1·³.
734 1438 840 1491 Quis
874 1439 980 1481 talia
1011 1440 1192 1495 probet?
1237 1439 1343 1491 Quis
1376 1438 1486 1481 ferat
1519 1445 1609 1480 tam

181 1529 352 1558 caecum
391 1514 576 1556 furorem
608 1520 782 1569 repente
813 1518 1031 1556 mutatum
1065 1514 1108 1555 in
1138 1521 1227 1556 tam
1260 1528 1451 1556 serenam
1485 1513 1608 1556 laeti-

181 1591 317 1634 tiam?
382 1590 607 1632 Praeterea
646 1603 795 1645 rogare
836 1589 938 1632 licet
983 1605 1037 1631 an
1087 1589 1247 1632 Creusa
1290 1589 1437 1631 insons
1481 1593 1607 1639 esset,

182 1666 295 1723 quod
337 1665 570 1721 juvenem,
617 1664 738 1720 cujus
776 1664 891 1707 vitae
921 1669 1012 1707 erat
1044 1665 1274 1719 insidiata,
1310 1664 1445 1720 ipsius
1477 1678 1609 1720 appa-

182 1745 292 1784 reret
332 1755 425 1782 esse
464 1739 630 1790 filium3
676 1739 743 1781 vel
789 1740 933 1782 minus
978 1740 1178 1796 legitima
1221 1740 1337 1782 Ionis
1378 1739 1464 1793 ira,
1512 1753 1610 1782 cum

181 1816 434 1871 comperiret
475 1829 559 1857 non
588 1829 614 1857 a
643 1829 824 1857 noverca
857 1815 931 1857 sed
965 1815 1018 1857 ab
1056 1815 1151 1871 ipsa
1181 1820 1318 1857 matre
1348 1829 1496 1857 necem
1527 1815 1610 1857 sibi

183 1891 315 1934 fuisse
360 1896 555 1947 paratam
576 1896 603 1933 ⁴.
671 1890 843 1943 Quanto
886 1891 1041 1935 melius
1084 1891 1231 1933 omnia
1267 1890 1543 1946 procederent
1574 1890 1611 1932 si

182 2077 282 2108 parva
315 2068 366 2098 vel
401 2067 491 2099 nulla
525 2073 612 2099 esset
646 2067 749 2108 copia.
795 2066 931 2107 Alioqui
965 2073 1021 2097 aut
1055 2076 1166 2098 veram
1191 2066 1396 2108 tragoediam
1420 2065 1611 2106 scripsisset,

182 2128 215 2158 in
237 2137 301 2168 qua
324 2127 383 2158 Ion
407 2134 605 2163 moreretur,
629 2134 687 2157 aut
708 2126 925 2163 comoediam,
948 2126 1000 2156 cui
1024 2135 1089 2156 non
1112 2132 1179 2157 tam
1204 2127 1306 2157 multa
1327 2125 1553 2157 admiscuisset
1570 2134 1612 2156 ex

183 2186 417 2228 pulverulentis
450 2186 619 2217 annalibus
655 2185 772 2226 petita.
803 2194 843 2216 ne
866 2185 994 2216 omissis
1017 2185 1150 2226 quidem
1174 2185 1388 2217 Teleontibus
1411 2184 1612 2225 caeterisque

182 2246 330 2278 tribubus
353 2245 479 2277 Jonieis
503 2246 563 2285 (vs.
594 2245 673 2278 1579
696 2249 790 2286 sqq.).

229 2305 238 2326 ¹
283 2306 345 2336 Vs.
369 2306 444 2339 974:
473 2306 604 2346 πίμπρη
629 2305 669 2335 τὰ
693 2306 796 2345 σεμνὰ
822 2307 941 2341 Λοξίου
965 2304 1163 2345 χρηστήρια.

226 2365 240 2386 ²
284 2366 360 2406 Ipse
393 2364 516 2405 Apollo
550 2373 615 2395 non
644 2364 742 2395 audet
770 2374 805 2395 sc
828 2365 998 2396 ostendere
1029 2364 1157 2395 mulieri
1179 2364 1230 2394 cni
1255 2364 1332 2394 olim
1357 2364 1423 2394 vim
1448 2363 1614 2402 intulerat,

185 2428 241 2458 sed
263 2426 365 2457 mittit
387 2424 550 2465 virginem
575 2422 746 2461 Atheneo,
770 2434 854 2465 quae
878 2434 924 2455 vs.
952 2424 1034 2456 1556
1055 2434 1123 2464 sqq.
1148 2424 1188 2454 ab
1209 2433 1248 2455 eo
1265 2433 1300 2455 se
1323 2423 1435 2455 venire
1457 2429 1613 2461 testatum

185 2488 265 2520 “mit
299 2486 417 2518 seinem
452 2483 595 2518 Gestihl'*
630 2484 708 2516 hacc
738 2485 782 2516 ita
811 2495 831 2515 a
853 2491 949 2526 poeta
971 2485 1121 2516 ordinata
1143 2493 1211 2516 esse
1236 2485 1388 2516 videntur
1413 2483 1615 2515 Bernhardio

185 2557 260 2589 pag.
283 2547 346 2580 427
370 2552 403 2577 et
424 2545 499 2578 487.

231 2608 242 2627 '³
287 2607 346 2638 Vs.
375 2607 455 2640 1437
478 2616 540 2647 sq..

446 2667 469 2697 ὠ
495 2665 638 2706 φιλτάτη
663 2677 717 2705 μοι
742 2667 862 2706 μῆτερ,
888 2664 1031 2705 ἄσμενός
1055 2663 1085 2695 σ’
1108 2664 1187 2695 ἰδὼν

443 2726 526 2765 πρὸς
550 2724 695 2765 ἀσμένης
720 2723 878 2755 πέπτωκα
902 2725 965 2761 σὰς
990 2723 1164 2765 παρηῖὂας.

189 2780 254 2817 “So
290 2783 438 2815 schliesst
471 2783 550 2814 alles
584 2793 669 2823 ganz
704 2781 861 2820 sriihlich,
896 2783 961 2814 und
995 2783 1054 2814 der
1083 2782 1292 2823 angestrcbte
1318 2783 1412 2813 Mord
1439 2781 1490 2812 liat
1515 2780 1619 2811 niclits

191 2843 324 2875 “weiter
347 2853 386 2874 zu
410 2842 603 2874 bedenten.”
650 2841 784 2883 Gruppe
808 2842 955 2874 Ariadne
979 2852 1052 2883 pag.
1075 2843 1149 2873 413.

234 2902 246 2921 ⁴
292 2902 395 2933 Miror
430 2901 672 2933 Bernlmrdium
697 2901 750 2941 qui
778 2910 851 2941 pag.
877 2902 958 2936 487.
983 2901 1043 2931 hoc
1066 2902 1178 2931 drama
1203 2899 1400 2940 dijudicans.
1426 2900 1468 2931 ita
1493 2900 1619 2931 scribit.
