1956 3346
1012 189 1065 226 4⁸

510 345 527 396 ξ
566 346 602 385 3.
670 343 737 384 De
765 345 933 385 crimine
965 345 1207 385 inventionis
1239 345 1360 385 nimis
1389 342 1574 385 callidae.

393 462 583 504 Alterius
630 460 744 513 vitii,
784 463 905 502 nimis
945 459 1120 501 callidae
1165 463 1430 514 inventionis,
1469 459 1665 513 exempla
1697 472 1745 499 ex

335 536 539 591 Euripide
570 534 717 576 afferre
748 548 833 575 non
865 533 1041 575 difficile
1073 539 1148 576 est.
1185 533 1281 575 Huc
1309 535 1494 588 pertinet
1521 533 1748 588 mejudice

336 612 442 653 illud
469 611 660 652 Helenae
693 607 866 652 εἴδωλον
898 623 950 651 ex
966 608 1125 650 aethere
1143 608 1383 651 confectum
1402 609 1430 663 ¹,
1456 609 1747 664 (aliquatenus

336 685 614 740 Euripideum
658 684 902 736 inventum,
947 682 1028 724 etsi
1073 682 1339 725 Stesichorus
1379 683 1543 737 primus
1576 683 1747 738 excogi—

334 761 443 803 tavit
461 760 515 816 ε3),
557 758 668 815 quod
700 758 820 800 Paris
854 771 997 800 seeum
1028 757 1253 799 abduxerit-
1282 757 1470 812 Trojam,
1506 759 1566 799 ita
1597 762 1645 799 ut
1677 772 1750 812 per

333 836 435 878 bina
473 835 610 877 lustra
647 834 759 875 inter
788 833 939 874 Asiam
969 837 1012 874 et
1044 832 1261 887 Europam
1293 832 1545 874 dimicatum
1578 832 1635 874 sit
1659 836 1748 887 περὶ

333 914 450 960 σκιᾶς
490 924 573 951 non
618 911 720 951 ὄνου
750 908 944 964 quidem,
980 907 1053 950 sed
1084 907 1136 949 de
1169 908 1320 949 umbra
1353 912 1521 960 tamen,
1555 906 1749 962 quamvis

333 985 543 1026 formosae
586 983 805 1037 mulieris,
845 997 978 1039 quum
1016 997 1114 1024 vera
1141 983 1309 1024 Helena
1340 982 1384 1023 in
1416 983 1615 1038 Aegypto
1648 981 1749 1022 lati-

335 1064 445 1102 taret
464 1062 490 1100 ³.
543 1059 701 1101 Parum
733 1059 862 1100 etiam
895 1057 1070 1110 astutia,
1104 1072 1188 1112 qua
1219 1056 1446 1112 Iphigenia
1462 1056 1635 1098 Taurico
1660 1058 1750 1111 regi

334 1134 514 1176 Thoanti
573 1139 616 1176 et
665 1133 831 1175 Helena
872 1131 1087 1188 Aegyptio
1133 1131 1223 1187 regi
1270 1131 1578 1186 Theoclymeno
1625 1132 1752 1173 verba

334 1209 459 1262 (lant,
492 1209 677 1264 tragicae
709 1222 858 1250 scenae
891 1207 1116 1249 convenire
1147 1206 1336 1259 videtur,
1369 1206 1528 1248 eumin
1548 1205 1750 1246 Plautino

334 1283 502 1339 pulpito
545 1283 652 1325 bene
692 1283 857 1337 placere
900 1287 1046 1337 posset
1069 1282 1096 1322 ⁴.
1163 1281 1211 1322 In
1244 1281 1328 1323 fine
1362 1280 1611 1336 Iphigeniae
1643 1280 1750 1321 Tau—

379 1454 387 1473 ¹
434 1454 550 1486 Helen.
576 1464 623 1484 vs.
646 1455 720 1486 590.

376 1513 389 1533 ²
433 1514 648 1555 Euripideum
682 1514 801 1556 εὕρημα
836 1524 874 1545 eo
908 1523 1004 1545 sensu
1039 1523 1136 1551 voco,
1164 1514 1250 1555 quod
1279 1512 1455 1554 Euripides
1482 1513 1565 1543 hanc
1589 1512 1751 1543 fictionem

334 1582 399 1604 tam
435 1574 644 1605 vehementer
679 1574 826 1614 probavit,
860 1580 895 1604 ut
929 1583 1001 1605 eam
1035 1573 1172 1604 dramati
1208 1572 1424 1604 substraverit
1456 1571 1636 1603 materiem.
1683 1571 1752 1602 Nec

336 1634 452 1664 mirum
490 1640 553 1669 est,
587 1633 680 1663 avide
714 1642 789 1663 eum
824 1632 999 1672 arripuisse
1030 1631 1207 1672 imaginem
1237 1631 1369 1662 aethere
1403 1641 1445 1662 ex
1477 1630 1674 1667 confectam,
1697 1629 1751 1669 qui

333 1692 465 1723 aethera
498 1692 529 1722 in
563 1691 629 1722 suis
665 1691 783 1722 fabulis
818 1697 986 1731 tantopere
1019 1690 1181 1731 crepuerit
1212 1690 1262 1729 (ef.
1287 1699 1387 1731 supra
1415 1700 1490 1731 pag.
1517 1691 1554 1721 19
1577 1691 1651 1720 adn.
1676 1690 1695 1720 4
1719 1695 1750 1720 et

334 1752 373 1783 21
399 1752 471 1783 adn.
494 1752 545 1791 2);
569 1751 692 1782 “allein
715 1751 798 1781 diess
823 1751 863 1781 ist
886 1750 958 1781 eine
983 1750 1065 1785 Art,
1089 1750 1139 1780 die
1163 1749 1370 1790 Mythologie
1393 1760 1434 1781 zu
1457 1750 1664 1785 verbessern,
1689 1758 1751 1780 wo-

335 1810 457 1841 “durch
487 1810 534 1840 sie
568 1810 630 1840 den
665 1809 843 1840 Minu-chen
879 1809 910 1839 in
945 1810 1095 1841 Tausend
1132 1812 1194 1841 und
1230 1811 1319 1841 einer
1353 1811 1459 1842 Nacht
1485 1810 1615 1841 iihnlich
1641 1808 1752 1841 wird.''

337 1870 502 1910 (Schlegel
525 1869 621 1900 Vorl.
646 1870 724 1900 iiber
747 1870 849 1899 dram.
874 1869 983 1900 Kunst
1007 1880 1037 1900 u.
1063 1870 1125 1902 Lit.
1151 1869 1204 1908 1²,
1227 1881 1301 1911 pag.
1324 1872 1412 1911 262).

377 1930 389 1948 ³
434 1930 509 1961 Non
542 1929 652 1960 dubito
686 1928 762 1969 quin
794 1928 852 1959 hac
875 1928 982 1960 fabula
1005 1929 1145 1961 voluerit
1168 1940 1185 1960 a
1209 1930 1292 1960 bello
1315 1929 1479 1960 dehortari
1506 1928 1697 1968 Euripides,
1721 1928 1753 1958 id

335 1998 434 2029 prope
467 1998 566 2018 unum
601 1998 674 2018 cum
710 1988 830 2019 comico
864 1988 1089 2026 consentiens,
1124 1989 1210 2030 quod
1244 1988 1362 2019 bellum
1393 1987 1585 2018 abhorreret
1607 1993 1753 2027 uterque,

336 2049 387 2079 liic
410 2053 518 2079 tamen
542 2048 646 2088 magis
670 2047 745 2088 quia
766 2047 890 2078 civitati
915 2048 1150 2088 perniciosum,
1173 2048 1229 2079 ille
1247 2048 1323 2088 quia
1335 2047 1556 2088 philosophiae
1571 2046 1752 2087 praeceptis

335 2109 535 2140 contrarium
558 2109 699 2139 duceret.
745 2106 895 2149 Νεφέλης
919 2106 969 2147 ἄρ’
994 2108 1105 2144 ἄλλως
1129 2108 1259 2149 εἴχομεν
1282 2107 1408 2144 πόνους
1433 2106 1518 2147 πέρι,
1531 2106 1609 2137 dicit
1620 2106 1752 2147 quidam

335 2179 351 2199 e
380 2168 520 2199 Menelai
551 2166 706 2198 ministris
730 2176 777 2196 νε.
801 2167 876 2199 713.
921 2167 1078 2207 Inprimis
1101 2176 1192 2198 meae
1215 2166 1394 2197 sententiae
1419 2165 1529 2196 favent
1552 2164 1652 2196 verba
1663 2164 1753 2195 chori

336 2236 381 2256 vs,
411 2227 490 2257 1166
513 2235 568 2266 sqq
591 2237 597 2256 :

722 2286 864 2326 ἄφρονες
888 2285 959 2316 ὅσοι
982 2287 1042 2323 τὰς
1066 2285 1186 2326 ἀρετὰς
1212 2284 1346 2325 πολέμῳ

720 2345 838 2375 κτᾶσθε
862 2343 958 2385 δορὸς
982 2344 1121 2375 ἀλκαίου
1146 2355 1180 2374 τε
1204 2344 1283 2384 λόγ-

720 2415 796 2443 χαις
819 2402 1085 2444 καταπαυόμενοι
1111 2402 1171 2433 πό-

720 2462 797 2498 θους
822 2461 978 2493 θανάτων
1002 2461 1148 2502 ἀμαθῶς.
1174 2478 1214 2483 -
1237 2460 1304 2491 Vd.
1327 2460 1424 2491 etiam
1450 2469 1495 2491 vs,
1524 2460 1615 2490 1236.

380 2522 453 2553 Non
488 2520 734 2561 intempestive,
770 2521 904 2561 opinor,
939 2521 990 2551 hic
1031 2520 1165 2551 afferam
1199 2520 1306 2551 locum
1341 2529 1358 2551 e
1393 2519 1543 2550 Platonis
1577 2517 1750 2558 Rep.1x‚

337 2591 411 2621 pag.
447 2581 510 2611 586
532 2579 571 2617 C,
594 2579 648 2610 ubi
674 2579 823 2610 Socrates
847 2589 933 2610 vana
956 2579 1124 2609 hominum
1148 2578 1269 2615 studia,
1294 2588 1356 2609 non
1381 2587 1474 2608 veras
1497 2577 1554 2608 sed
1577 2577 1753 2617 ἐσκιαγρα-

339 2639 483 2680 ‹pmii-,vac
516 2638 640 2676 ἡδονὰς
676 2638 880 2675 venantium,
915 2647 989 2668 eum
1022 2637 1239 2677 Trojanorum
1274 2636 1411 2667 stultitia
1433 2640 1616 2676 comparat,
1639 2634 1753 2675 quibus

340 2700 375 2730 τὸ
406 2701 465 2736 τῆς
497 2697 631 2735 Ἑλένης
656 2697 794 2728 εἴδωλον
819 2696 1048 2737 περιμάχητον
1071 2695 1218 2737 γενέσθαι
1244 2696 1364 2736 ἀγνοίᾳ
1392 2695 1449 2726 τοῦ
1474 2694 1618 2732 ἀληθοῦς
1641 2700 1753 2724 auctor

337 2759 378 2789 sit
402 2757 614 2789 Stesichorus.

381 2819 392 2837 ⁴
437 2818 502 2848 Vd.
539 2818 633 2847 modo
658 2816 774 2847 Helen.
810 2825 854 2847 vs.
883 2816 1109 2851 1304-1316,
1134 2815 1185 2846 nbi
1211 2820 1303 2845 acute
1327 2813 1416 2847 satis.
1440 2814 1493 2844 scd
1513 2813 1623 2853 jocose
1648 2813 1753 2853 potius

339 2888 433 2918 quum
460 2877 597 2916 tragice,
621 2876 783 2915 ambiguis
800 2875 904 2905 vorbis
918 2874 1044 2905 Helena
1057 2881 1087 2904 et
1104 2873 1272 2904 Menelaus
1285 2872 1449 2903 ludificant
1462 2872 1751 2912 Tlteoclymenum.
