1956 3346
886 188 938 226 47

206 310 455 367 conjiciente
499 309 552 351 ab
591 315 843 365 argumento
876 319 940 349 est
972 307 1286 349 alienissimum
1320 315 1360 347 et
1395 320 1445 346 ne
1477 319 1548 359 per
1579 321 1620 344 s«-

207 386 378 442 quidem
411 384 464 427 ad
498 384 758 439 tangendam
792 383 1079 439 spectantium
1115 389 1302 423 mentem
1337 380 1442 421 mihi
1475 388 1622 434 aptum

208 461 374 503 videtur
399 461 423 502 ¹.
461 460 509 501 In
547 459 863 502 Andromaches
896 459 1030 514 priore
1063 467 1181 513 parte
1205 457 1256 499 dc
1276 455 1411 511 ipsius
1429 455 1625 496 heroinae

207 536 362 579 misera
403 535 647 579 conditione
690 535 857 589 agitur,
907 535 946 575 in
980 534 1113 575 altera
1146 547 1242 574 vero
1276 529 1470 573 deflenda
1505 528 1626 569 nohis

207 618 273 653 est
321 611 471 666 Pyrrhi
517 625 655 667 mors²
700 625 795 652 eum
842 609 1094 650 Hermiones
1130 608 1190 648 ira
1224 607 1263 647 in
1299 604 1625 647 Andromachen

210 687 279 728 vix
331 686 557 728 cohaerens
579 685 606 726 ²⁸.
675 685 736 726 De
781 683 895 724 lonis
943 682 1015 723 illa
1062 688 1181 736 parte
1229 680 1270 721 in
1319 695 1402 734 qua
1452 678 1628 720 insidias

207 761 298 803 filio
344 767 465 816 parat
507 765 665 810 mater,
708 772 846 800 meam
885 757 1128 812 opinionem
1165 756 1257 811 jam
1297 753 1464 797 ostendi
1501 767 1630 808 supra

208 850 305 891 pag.
353 837 407 877 36
451 849 511 890 sq.
579 834 685 875 Prae
714 832 888 888 reliquis
928 846 1024 873 vero
1057 830 1266 873 Troadum
1301 828 1520 884 tragoedia
1553 827 1630 868 hoc

211 910 383 951 nomine
414 914 480 950 est
511 908 806 964 vituperanda,
841 907 999 962 quippe
1032 907 1074 948 in
1109 921 1237 961 quam
1271 911 1500 960 congestae
1542 903 1630 944 sint

210 999 275 1026 res
308 983 518 1039 plurimae
559 983 611 1024 ad
658 982 804 1038 Trojae
850 981 1214 1038 expugnationem
1252 980 1514 1035 pertinentes
1557 977 1630 1020 sed

210 1063 420 1101 caeterum
473 1058 592 1099 nulla
649 1057 801 1113 copula
850 1057 961 1099 inter
1015 1071 1059 1098 se
1109 1070 1347 1098 connexae:
1412 1053 1632 1108 Polyxena

212 1138 397 1176 mactata
440 1133 493 1175 ad
537 1132 721 1175 Achillis
767 1131 1006 1184 tumulum,
1049 1131 1274 1184 Astyanax
1318 1129 1470 1183 Pyrrhi
1505 1128 1631 1183 jussu

211 1209 262 1250 de
315 1223 437 1250 muro
489 1207 764 1260 deturbatus,
822 1205 1061 1249 Cassandra
1114 1205 1288 1247 fatidico
1341 1205 1480 1246 furore
1542 1217 1632 1245 cor-

211 1289 355 1341 repta,
402 1283 567 1327 Helena
614 1298 683 1325 rea
724 1288 819 1325 acta
860 1282 913 1324 ab
957 1281 1136 1323 Hecuba
1177 1287 1217 1322 et
1262 1294 1403 1321 coram
1438 1279 1633 1321 Menelao

213 1376 257 1403 se
299 1359 552 1409 desenden33
604 1358 781 1400 Hecuba
829 1363 974 1399 autem
1023 1362 1066 1398 et
1102 1355 1402 1398 Andromache
1439 1355 1492 1396 ol)
1526 1354 1632 1396 libe-

212 1450 353 1478 rorum
395 1434 567 1476 caedem
610 1433 750 1489 longis
795 1433 978 1488 querelis
1013 1431 1265 1487 indulgent,
1299 1438 1342 1473 et
1375 1431 1419 1472 in
1452 1430 1536 1472 fine
1570 1430 1632 1472 fa-

212 1510 338 1554 bulae
383 1510 536 1553 chorus
583 1508 717 1552 oeulis
761 1508 978 1564 objectum
1009 1506 1154 1561 Trojae
1188 1505 1434 1548 incendium
1470 1505 1634 1547 lamen-

214 1592 341 1630 tatur.
406 1586 498 1629 Has
541 1587 651 1642 epici
693 1585 893 1629 carminis
938 1584 1138 1626 materias
1178 1583 1222 1624 in
1252 1583 1443 1625 dramate
1474 1583 1634 1639 tragico

214 1677 299 1704 non
331 1662 637 1705 coacervandae
669 1661 817 1714 fuisse,
849 1659 915 1702 vel
945 1674 1015 1702 me
1049 1663 1216 1701 tacente
1246 1658 1386 1713 quivis
1407 1659 1632 1715 intelligit;

215 1742 307 1780 tota
340 1737 455 1779 enirn
487 1737 647 1786 ἅλωσις
680 1737 756 1779 illa
787 1750 871 1778 non
902 1739 1045 1791 potest
1076 1749 1161 1776 una
1193 1734 1412 1790 tragoedia
1443 1736 1633 1788 tractari,

216 1817 265 1854 ut
295 1812 348 1854 ab
381 1812 616 1855 Aristotele
645 1812 759 1865 (Art.
783 1817 894 1867 poet.
925 1812 998 1865 18)
1021 1810 1242 1852 verissime
1263 1815 1329 1852 est
1347 1809 1632 1851 observatum.

218 1888 332 1944 Ergo
364 1888 552 1944 aliquam
585 1887 675 1943 ejus
707 1893 872 1942 partem
906 1886 957 1928 de
986 1900 1069 1941 qua
1100 1890 1246 1940 ageret
1273 1884 1429 1940 eligere
1464 1885 1636 1927 debuis-

218 1969 283 2005 set
327 1962 578 2018 Euripides3
629 1977 742 2005 nune
790 1976 887 2004 vero
933 1966 1157 2004 centonem
1207 1960 1351 2015 potius
1397 1961 1638 2015 composuit

218 2052 345 2094 quam
379 2038 526 2080 drama
558 2037 665 2080 bene
697 2037 953 2079 ordinatum.

263 2177 272 2197 ¹
319 2178 390 2210 Nisi
414 2186 466 2209 res
489 2183 643 2218 ageretur
665 2177 830 2219 lugubris,
862 2178 963 2209 risum
987 2176 1158 2218 praeberet
1183 2176 1336 2213 Evadne,
1358 2183 1532 2217 antequam
1556 2177 1638 2208 desi-

218 2237 278 2268 liat
299 2237 339 2269 de
362 2237 483 2278 scopuli
507 2237 672 2268 cacumine
695 2237 908 2268 snbsanniens
931 2236 1052 2268 misero
1064 2235 1322 2276 patrimon-sibus
1335 2245 1436 2276 paene
1448 2235 1587 2272 comicis,
1600 2235 1641 2265 ab

220 2297 281 2327 ista
302 2305 440 2337 persona
462 2297 586 2337 istoque
610 2303 754 2337 tempore
777 2306 908 2338 prorsus
931 2295 1055 2327 alienis·
1070 2295 1130 2334 (vs.
1159 2295 1394 2335 1045—1072).
1430 2296 1548 2336 Apage
1562 2295 1638 2326 illud

220 2356 421 2397 episodfflm,
455 2365 519 2396 quo
552 2362 677 2388 semoto
710 2362 810 2387 restat
842 2366 905 2387 non
940 2355 1109 2396 tragoedia
1137 2355 1360 2396 quiden1‚sed
1386 2355 1640 2396 pulcherrimum

220 2423 329 2447 tamen
351 2424 502 2452 carmen,
526 2416 565 2446 ad
590 2415 715 2456 epicum
739 2425 842 2456 genus
866 2415 1016 2456 proxime
1039 2416 1206 2446 accedens:

264 2473 278 2493 ²
321 2474 397 2505 Non
419 2473 492 2505 ideo
516 2473 604 2505 enim
627 2474 668 2505 ab
693 2473 828 2511 Oreste,
851 2474 975 2506 scelesti
999 2475 1107 2506 sicarii
1130 2475 1276 2516 partibus
1300 2475 1470 2513 fungente,
1486 2475 1638 2506 interimi-

222 2539 275 2565 tur
310 2533 450 2565 Achillis
484 2532 588 2568 silius.
623 2533 707 2573 quod
743 2533 945 2565 Hermionen
980 2534 1153 2575 despicatui
1187 2534 1337 2570 haberet,
1370 2541 1499 2565 servata
1532 2544 1640 2565 set-nm

222 2593 337 2634 pellice
371 2592 621 2629 Andromache,
655 2593 711 2624 sed
744 2593 829 2633 quod
860 2603 931 2624 eam
955 2603 1091 2624 uxorem
1115 2594 1274 2631 duxerat,
1298 2594 1357 2634 ip>i
1382 2593 1491 2626 Oresti
1519 2594 1640 2634 pridem

223 2653 426 2694 desponsam.
473 2653 588 2693 Neque
617 2661 700 2693 opus
723 2659 794 2683 erat
819 2652 983 2693 Pyrrhum
1007 2652 1039 2683 in
1063 2662 1174 2684 orcum
1196 2653 1366 2684 demittere
1393 2659 1427 2683 nt
1450 2653 1643 2683 liberaretur

225 2711 467 2744 Andromache.
512 2712 574 2743 Hie
597 2711 638 2742 ad
661 2711 701 2744 G.
727 2712 953 2743 Hermannum
978 2721 1154 2752 provocare
1180 2712 1273 2749 licet,
1296 2713 1410 2743 acerbe
1434 2713 1641 2745 dainnantem

227 2776 454 2810 argumentum
481 2772 576 2812 hujus
602 2770 727 2802 fabulae
752 2771 783 2801 in
809 2771 1061 2811 prolegomenis,
1084 2782 1157 2812 pag.
1186 2772 1232 2802 13.

835 2890 1057 2898 κκκκκκκκκκκ
