1956 3346
1020 212 1072 253 36

337 335 410 378 sed
443 349 550 390 quae
586 339 727 376 tamen
762 334 902 376 multo
932 334 1062 376 etiam
1094 333 1395 388 praeclariores
1426 335 1663 376 evasissent
1690 348 1757 375 me

330 410 496 465 judice,
543 410 579 450 si
609 409 735 464 plane
763 409 1006 450 comoediae
1037 414 1205 458 essent3
1240 414 1289 451 ut
1320 409 1488 462 muhm,
1524 410 1603 452 etsi
1638 409 1757 451 utilis

337 499 413 526 nec
460 485 704 537 indecorus,
751 498 832 525 usu
877 489 1022 526 tamen
1062 497 1146 525 non
1178 490 1333 539 aequat
1366 484 1557 538 asinum,
1592 489 1634 526 et
1663 483 1757 538 pul-

337 558 580 600 chritudine
609 557 737 612 longe
770 571 878 613 equo
909 557 1232 612 postponendus
1265 564 1340 599 est.

397 633 570 688 Optime
599 647 652 675 ex
685 633 788 674 Ione
816 636 921 687 puto
955 647 1022 674 ine
1040 632 1265 674 defendere
1282 647 1408 688 posse
1426 648 1551 689 quam
1572 633 1756 689 expressi

337 708 595 763 opinionem.
643 708 786 763 Hujus
810 708 982 749 fabulae
1007 713 1326 763 argumentum,
1348 708 1670 765 ἀυαγυωρισμὸς
1687 723 1761 764 per

337 783 593 839 crepundia,
626 783 669 824 in
704 788 894 824 mentem
925 782 1048 825 nobis
1081 787 1252 824 revocat
1284 782 1524 824 comoedias
1553 782 1649 824 illas
1670 784 1760 825 Me-

337 858 547 899 nandreas
580 861 624 900 et
653 862 917 900 caeterorum
949 871 1084 900 novae
1114 857 1356 899 comoediae
1390 862 1634 912 poetarum,
1655 871 1761 912 quae

339 934 630 974 Romanorum
664 933 908 975 imitatione
942 933 1164 986 (Rudente
1199 932 1404 974 Plautino
1434 937 1540 987 puta
1573 931 1640 973 vel
1668 932 1761 991 An-

338 1008 430 1049 dria
461 1007 666 1062 Terentii)
699 1008 823 1050 nobis
858 1008 1152 1050 innotuerunt.
1190 1008 1344 1049 Totum
1360 1007 1446 1049 sere
1468 1007 1697 1049 discrimen
1719 1007 1762 1047 in

338 1098 386 1124 eo
426 1087 621 1124 versatur
659 1083 771 1138 quod
816 1097 900 1124 non
942 1083 1078 1125 Attici
1121 1086 1307 1124 aratores
1336 1088 1379 1124 et
1406 1074 1670 1124 mercatores*
1690 1082 1763 1123 sed

339 1158 508 1213 antiqui
541 1158 688 1200 heroes
722 1162 765 1200 et
795 1157 856 1199 dii
888 1172 963 1213 per
995 1172 1168 1199 scenam
1202 1158 1417 1200 incedunt.
1458 1157 1607 1212 Neque
1641 1157 1763 1199 triste

338 1232 567 1288 quicquam
597 1233 729 1287 inest,
764 1234 953 1288 exceptis
985 1233 1202 1275 flebilibus
1235 1233 1443 1288 querelis,
1476 1247 1581 1288 quas
1607 1232 1765 1275 Creusa

336 1307 483 1348 fundit
519 1312 746 1363 postquam
791 1308 965 1350 rescivit
998 1308 1203 1349 maritum
1240 1307 1442 1362 adoptare
1472 1307 1582 1349 velle
1616 1308 1762 1349 Ionem

338 1395 415 1436 pro
445 1382 550 1436 filio,
582 1386 625 1424 et
660 1382 831 1425 insidiis
864 1398 969 1438 quas
1002 1383 1156 1425 deinde
1189 1382 1283 1424 Ioni
1317 1382 1468 1425 tendit.
1539 1384 1678 1437 Haec,
1713 1383 1764 1424 ad

340 1461 600 1499 structuram
632 1456 839 1498 dramatis
873 1472 959 1498 non
993 1457 1258 1511 necessaria,
1294 1457 1452 1499 dixeris
1486 1473 1510 1499 a
1530 1463 1657 1513 poeta
1673 1473 1765 1500 esse

339 1532 486 1574 addita
520 1536 567 1574 ut
607 1532 730 1574 fieret
772 1532 959 1574 similius
1004 1533 1272 1588 tragoediae3
1313 1533 1388 1575 sed
1415 1534 1567 1576 malles
1601 1535 1760 1576 abesse.

340 1607 453 1649 Nam
487 1608 646 1650 alterae
675 1612 777 1650 sunt
808 1608 1118 1650 lacrimosiores
1152 1622 1279 1663 quam
1314 1622 1391 1663 pro
1408 1623 1473 1662 re,
1494 1609 1652 1651 alterae
1669 1624 1765 1651 vero

341 1688 431 1724 tam
477 1683 644 1725 immite
675 1683 866 1739 produnt
907 1682 1092 1726 Creusae
1133 1683 1382 1738 ingenium,
1427 1689 1477 1726 ut
1516 1699 1610 1726 eam
1641 1699 1766 1726 nemo

340 1772 427 1798 non
473 1758 698 1800 abhorrere
742 1759 905 1813 possit,
953 1773 1085 1814 quum
1144 1758 1186 1799 in
1248 1758 1387 1813 priore
1432 1759 1602 1801 fabulae
1647 1764 1766 1814 parte

342 1846 544 1886 magnam
588 1832 711 1875 nobis
756 1833 1038 1875 commoverit
1079 1834 1145 1875 sui
1180 1833 1526 1875 misericordiam.
1594 1833 1766 1876 Scilicet

341 1921 390 1948 ea
419 1907 597 1961 mulier,
632 1908 726 1963 ipsa
757 1908 906 1950 furt-ivi
938 1911 1086 1963 partus
1119 1907 1202 1949 sibi
1234 1908 1428 1961 conscia,
1463 1923 1561 1950 cum
1577 1909 1766 1964 suspice-

343 1989 412 2024 tur
449 1982 677 2037 juvenem,
722 1997 848 2038 quem
881 1983 1085 2038 adoptare
1113 1981 1293 2024 maritus
1331 1987 1476 2037 parat,
1508 1983 1643 2038 ipsius
1676 1998 1767 2024 esse

344 2058 524 2099 nothum
554 2057 717 2111 filium,
753 2059 796 2099 in
826 2062 999 2100 tantum
1032 2057 1272 2099 exardescit
1299 2057 1483 2099 furorem
1508 2062 1535 2112 ¹,
1569 2062 1617 2100 ut
1633 2058 1766 2114 Apol—

341 2181 466 2213 “Stiick
490 2182 546 2212 des
569 2182 746 2222 Euripides
771 2182 877 2213 weder
902 2192 986 2223 ganz
1009 2181 1200 2222 Erziihlung
1226 2181 1307 2212 noch
1330 2190 1413 2221 ganz
1432 2181 1554 2211 Drama
1567 2181 1627 2212 ist?
1657 2181 1767 2212 Nennt

342 2245 395 2279 “es
420 2242 594 2273 immerhin
618 2243 671 2273 ein
696 2242 846 2279 Zwitter;
872 2252 983 2283 genug
1007 2242 1081 2272 dass
1105 2241 1191 2272 mich
1216 2241 1322 2272 dieser
1336 2241 1474 2272 Zwitter
1488 2241 1768 2282 mehrvergniigt,

344 2301 458 2332 “mehr
492 2301 621 2338 erbaut,
651 2301 697 2332 als
720 2302 771 2333 die
795 2301 1102 2342 gesetzmfissigsten
1125 2299 1290 2332 Geburten
1314 2308 1408 2330 curer
1431 2306 1599 2330 correcten
1623 2301 1767 2332 Racinen

343 2361 443 2391 “oder
478 2361 537 2391 wie
572 2361 620 2391 sie
654 2366 743 2391 sonst
774 2360 912 2391 heissen.
958 2359 1045 2391 Weil
1069 2360 1124 2390 der
1148 2358 1308 2390 Maulesel
1332 2359 1438 2390 weder
1463 2358 1563 2390 Pserd
1587 2359 1668 2389 noch
1692 2359 1770 2390 Esel

346 2421 424 2457 '‘ist,
461 2420 502 2451 ist
541 2430 576 2451 er
614 2421 727 2451 darum
767 2420 915 2460 weniger
952 2420 1040 2451 eines
1080 2429 1143 2450 von
1182 2420 1245 2449 den
1284 2419 1490 2449 nutzbarstcn
1525 2419 1767 2458 lasttragenden

345 2479 557 2511 '‘Thiere11?''

393 2540 398 2557 ¹
448 2539 522 2570 Scio
555 2539 687 2578 quidem
723 2539 879 2570 Creusam
918 2539 984 2570 irae
1019 2539 1214 2570 interserere
1248 2547 1398 2575 causam,
1432 2538 1516 2578 quod
1551 2544 1645 2578 turpe
1680 2544 1769 2577 putet

347 2598 482 2629 nothum
508 2597 680 2637 aliqnando
704 2604 913 2637 regnaturum
939 2598 1100 2634 AthcniS‚
1125 2604 1159 2628 nt
1181 2597 1266 2628 canit.
1289 2597 1386 2627 etiam
1411 2596 1528 2626 chorus
1552 2597 1697 2628 vs.1058
1712 2607 1769 2637 sq:

560 2655 636 2695 μηδὲ
663 2655 736 2686 ποτ’
761 2657 865 2694 ἄλλος
890 2657 1004 2687 ἄλλων
1028 2656 1084 2687 ἀπ’
1110 2657 1209 2687 οἴκων
1234 2656 1362 2692 πόλεως
1386 2655 1526 2686 ἀνάσσοι

564 2716 654 2753 πλὴν
678 2718 744 2746 Τῶν
768 2716 941 2756 εὐγενετᾶν
966 2715 1182 2756 Ἐρεχθειδᾶν.

349 2776 410 2806 Sed
445 2784 540 2805 nemo
572 2775 682 2805 credet
717 2774 768 2804 hic
802 2783 866 2805 non
902 2774 1008 2814 potius
1043 2775 1188 2805 exerceri
1222 2780 1296 2804 nota
1319 2782 1531 2803 novercarum
1556 2774 1637 2804 odia.
1684 2774 1770 2804 Hinc

347 2845 474 2876 quoquc
508 2836 624 2875 liquet,
658 2840 812 2875 quantum
848 2834 925 2864 huie
957 2835 1169 2873 dramaturgo
1202 2833 1349 2864 offecerit
1387 2843 1428 2863 cx
1464 2833 1595 2873 antiqua
1637 2833 1771 2864 historin

350 2895 518 2925 desumere
543 2895 729 2927 numerium.
753 2894 832 2924 tideo
857 2893 1046 2933 plerumque
1069 2893 1233 2932 cognitam
1259 2901 1289 2923 et
1315 2902 1373 2924 usu
1390 2892 1609 2926 sancitam.ut
1626 2893 1773 2923 mutandi
