1956 3346
379 244 382 245 ν
415 243 660 251 rwxmxm>
683 244 756 252 s1v=>
783 248 789 251 ,
831 245 978 251 ,ψη-«κκχ.

711 532 940 582 CAPUT
980 533 1137 582 VIII.

251 673 478 706 EUml’iDEs
514 678 555 706 IN
589 677 846 707 TRAGOEDHS
878 678 1182 707 COMPONENms
1217 680 1360 708 MALUS
1393 680 1589 709 ARTIFEX.

796 790 909 797 awv·
942 792 967 796 a*

266 879 483 922 Hactenus
528 880 579 921 dc
621 880 672 921 iis
715 879 1058 921 accusationibus
1092 880 1277 923 vidimus
1305 896 1411 937 quae
1441 883 1628 924 attinent

202 954 254 995 ad
299 969 362 996 res
414 954 467 996 ab
502 953 707 1009 Euripide
753 960 966 997 tractatas.
1005 955 1088 998 Sed
1126 971 1210 998 non
1244 958 1442 999 materies
1477 958 1627 1009 modo,

201 1030 337 1071 forma
366 1043 532 1085 quoque
563 1029 613 1071 ab
644 1029 935 1085 Aristophane
963 1031 1127 1085 passim
1156 1031 1365 1087 culpatur.
1401 1033 1451 1074 In
1475 1033 1627 1088 Capite

202 1104 348 1157 tertio,
378 1119 510 1160 quum
541 1119 711 1160 agerem
748 1106 800 1148 de
841 1106 1075 1161 Euripidea
1105 1107 1426 1164 πολυμηχανίᾳ,
1459 1109 1625 1150 ostendi

198 1181 242 1222 in
293 1180 536 1223 dramatum
579 1182 825 1223 oeconomia
875 1196 973 1223 eum
1006 1181 1257 1236 plerumque
1290 1196 1373 1223 non
1406 1197 1498 1225 esse
1532 1183 1625 1225 lau-

197 1255 386 1297 dandum
410 1256 439 1309 ¹,
472 1270 606 1311 quum
634 1256 763 1298 nimis
795 1256 957 1310 multa,
990 1270 1121 1311 eaque
1148 1270 1299 1310 parum
1334 1257 1623 1306 cohaerentia,

198 1331 238 1372 in
282 1331 465 1387 singulis
511 1331 670 1373 fabulis
720 1331 987 1374 accumulare
1021 1332 1167 1374 soleat.
1206 1332 1298 1374 Hac
1330 1333 1380 1375 dc
1412 1348 1455 1374 re
1491 1347 1623 1389 quum

197 1406 346 1447 multis
390 1406 529 1448 verbis
574 1420 713 1448 meam
757 1407 1017 1448 sententiam
1044 1406 1137 1461 jam
1173 1407 1474 1462 explicuerim,
1511 1422 1623 1450 nuni·

196 1494 279 1522 non
328 1481 482 1523 iterum
529 1481 680 1524 dicam.
748 1482 832 1524 Sed
860 1482 943 1524 duo
987 1486 1090 1523 sunt
1127 1481 1236 1535 alia,
1282 1482 1335 1523 ad
1381 1483 1622 1525 dramatum

193 1559 453 1597 structuram
484 1555 764 1610 pertinentia,
801 1557 852 1598 de
889 1557 1044 1612 quibus
1082 1557 1160 1598 hoc
1195 1556 1286 1598 loco
1317 1558 1618 1612 exponendum

194 1630 277 1672 erit
294 1631 323 1672 ².

254 1705 484 1761 Praecipue
518 1706 558 1747 in
593 1721 766 1749 censum
801 1707 871 1749 hic
903 1707 1085 1749 veniunt
1116 1707 1309 1763 prologi,
1345 1708 1501 1762 quibus
1537 1722 1620 1748 non

192 1779 428 1835 pepercisse
481 1780 817 1835 Aristophanem
873 1781 969 1836 quis
1014 1781 1220 1834 miretur,
1271 1781 1344 1837 qui
1392 1781 1499 1823 sciat
1548 1795 1618 1822 eos

190 1855 376 1910 primum
409 1855 462 1896 ab
496 1855 701 1911 Euripide
732 1856 963 1912 tragoediis
983 1856 1194 1911 praefixos
1215 1857 1372 1910 fuisse,
1398 1863 1441 1898 et
1458 1863 1620 1912 quanto

190 1929 396 1972 novitatis
443 1930 540 1972 odio
585 1931 771 1972 comicus
818 1931 1050 1986 flagraret?
1097 1931 1160 1973 De
1206 1932 1257 1974 iis
1295 1932 1387 1987 agit
1423 1931 1467 1972 in
1498 1938 1618 1986 parte

191 2005 409 2047 Ranarum
441 2006 722 2061 perridicula,
761 2006 835 2047 ubi
865 2006 1105 2060 Aeschylus
1129 2007 1211 2049 ἀπὸ
1232 2007 1432 2055 ληκυθίου
1461 2007 1616 2048 conde—

190 2086 313 2122 mnat
344 2080 672 2136 Euripideorum
703 2081 946 2122 dramatum
978 2080 1164 2122 exordia.
1203 2079 1378 2122 Scilicet
1410 2081 1618 2136 Euripide

190 2154 395 2196 recitante
426 2154 586 2209 primos
613 2168 762 2197 versus
795 2169 969 2196 suarum
997 2153 1339 2210 tragoediarum,
1371 2155 1612 2210 Aeschylus

187 2229 355 2284 quoties
387 2229 651 2271 occasionem
682 2229 828 2272 datam
862 2229 945 2272 sibi
977 2229 1121 2283 videt,
1145 2229 1369 2291 desinente
1402 2231 1614 2272 sententia

233 2379 242 2399 ¹
268 2379 466 2411 Aristoteles
500 2379 594 2411 Poet.
632 2380 683 2411 13:
719 2380 772 2411 καὶ
807 2380 823 2410 ὑ
862 2379 1061 2420 Εὐριπίδης,
1097 2379 1123 2410 εἰ
1147 2381 1199 2410 καὶ
1225 2381 1264 2410 τὰ
1291 2379 1379 2410 ἄλλα
1403 2381 1449 2420 μή
1473 2381 1506 2411 εὖ
1530 2381 1614 2411 οἰκ-υ-

188 2442 296 2480 νομεῖ,
319 2438 407 2470 ἀλλὰ
431 2445 489 2471 etc.

229 2497 243 2517 ²
266 2495 420 2530 Fortasse
452 2503 630 2539 praestaret
663 2498 690 2528 si
713 2497 822 2530 omnia
847 2508 929 2539 quae
952 2504 1101 2540 spectant
1123 2499 1163 2529 ad
1187 2499 1369 2529 dramatum
1394 2498 1611 2529 oeconomimn

187 2567 252 2588 uno
286 2563 396 2590 tenore
428 2557 648 2595 absolvissem,
682 2559 740 2589 sed
773 2567 839 2588 non
874 2558 985 2590 inveni
1022 2557 1216 2589 divisionem
1239 2566 1321 2598 quae
1350 2558 1382 2588 id
1406 2557 1485 2587 mihi
1507 2557 1613 2588 facere

186 2618 394 2658 permitteret
425 2625 457 2650 et
489 2618 586 2649 simul
618 2617 692 2649 aliis
724 2628 851 2659 quoque
884 2617 1068 2649 nominibus
1101 2617 1180 2648 satis
1208 2623 1294 2648 esset
1316 2616 1498 2657 probabilis.
1523 2617 1614 2656 Quae

187 2677 276 2708 euim
315 2676 485 2719 Capitibus
528 2677 660 2709 II—IV
695 2677 848 2718 exposui,
886 2686 924 2708 ea
957 2686 1020 2707 non
1054 2676 1235 2708 divellenda
1268 2675 1477 2711 videbantur;
1511 2685 1612 2716 quum

187 2741 296 2767 autem
319 2737 502 2769 statuissem
527 2737 617 2778 prius
639 2737 680 2768 de
706 2737 804 2768 rebus
826 2736 866 2767 ab
890 2736 1049 2776 Euripide
1068 2735 1212 2766 tractatis
1228 2734 1386 2776 agerc,id
1397 2734 1482 2775 quod
1490 2734 1560 2775 jam
1572 2736 1610 2765 ad

188 2794 285 2826 finem
318 2796 472 2836 perduxi,
505 2796 621 2828 deinde
648 2797 688 2826 de
719 2796 756 2826 iis
778 2805 860 2836 quae
875 2796 1023 2835 sormam
1050 2795 1103 2826 vel
1125 2794 1246 2835 stylum
1270 2794 1448 2834 attingunt.
1473 2793 1506 2824 id
1528 2795 1612 2833 quod

189 2864 274 2885 nunc
297 2854 472 2896 aggredior
486 2879 493 2889 ,
516 2855 639 2886 evitare
661 2864 724 2885 nou
750 2855 837 2895 potui
862 2854 943 2885 illud
967 2854 1000 2884 in
1023 2852 1205 2895 digerendo
1229 2851 1477 2884 incommodum.

1411 2913 1433 2922 q

1416 2931 1425 2950 A
