1956 3346
903 199 957 238 25

218 328 282 363 est
325 334 451 376 quam
496 319 667 374 penitus
714 334 861 361 omnes
914 320 1155 376 tragoediae
1192 320 1351 361 radices
1384 320 1638 369 evellantur,

218 402 261 438 et
302 396 337 438 si
385 395 501 450 quis,
546 395 722 436 semotis
768 395 873 447 diis,
912 403 1052 437 tamen
1087 411 1136 437 ex
1173 396 1348 437 materie
1383 409 1460 437 usu
1493 411 1639 437 conse—

218 478 334 515 crata
366 471 472 514 velit
502 485 754 526 componere
787 472 1075 526 tragoediam,
1108 487 1190 512 non
1216 472 1312 526 plus
1337 471 1492 512 efficiat
1514 485 1640 526 quam

220 549 461 604 quicunque
503 561 524 588 e
552 546 663 588 sicca
707 547 842 588 farina
875 562 1027 601 panem
1061 562 1238 602 coquere
1272 547 1444 588 studeat
1485 554 1560 588 aut
1593 547 1644 586 de

220 623 392 678 pulvere
427 636 598 663 murum
632 628 804 667 struere.

281 697 557 752 Euripidem,
607 712 688 752 qua
748 702 835 738 erat
896 697 1133 738 ealliditate
1193 697 1374 740 eximia.
1434 697 1510 738 hoe
1560 712 1642 737 non

222 779 389 828 poterat
435 772 602 827 fugere;
652 772 723 812 sed
770 771 908 812 laudis
949 786 1091 813 amore
1134 772 1287 813 duetus
1331 772 1433 812 inihi
1478 772 1647 813 videtur

224 849 335 890 viam
368 847 548 902 elegisse
580 860 705 902 quam
742 853 915 901 propter
937 846 1166 901 sceptu-am
1193 847 1408 901 cogitandi
1437 847 1644 888 rationein

222 924 381 965 evitare
414 922 640 964 debuerat:
677 931 807 976 utque
839 922 1022 976 patrium
1059 922 1165 964 dicit
1196 922 1492 976 proverbium,
1527 936 1646 975 eym-

223 1000 319 1040 bain
360 998 550 1053 ingresso
583 998 878 1052 remigandum
915 1012 1030 1050 esse,
1063 997 1130 1039 cui
1158 998 1521 1053 Aristophane-um
1546 998 1647 1039 sub-

218 1076 401 1130 jungere
459 1074 563 1115 libet
607 1074 836 1129 adagium,
885 1073 1139 1115 ebibendum
1189 1073 1345 1115 faecem
1407 1087 1573 1129 quoque
1627 1090 1648 1113 e

224 1149 406 1206 poculo,
439 1176 494 1179 —-
532 1154 758 1206 postquam
799 1148 926 1190 semel
959 1149 1012 1190 ad
1046 1148 1303 1203 Dionysiaca
1336 1149 1567 1191 certamina
1605 1165 1648 1189 se

225 1226 512 1282 applicuerat,
549 1230 597 1267 ut
631 1225 815 1267 vinceret
851 1224 1050 1266 omnibus
1085 1225 1220 1267 modis
1258 1225 1423 1277 nitens,
1457 1225 1648 1266 veritatis

227 1302 420 1344 studium
452 1303 697 1357 postposuit
727 1301 910 1356 gloriae,
943 1309 986 1342 et
1019 1301 1123 1356 ipsis
1156 1301 1241 1342 illis
1273 1301 1354 1342 diis
1382 1316 1487 1356 quos
1506 1306 1650 1342 extare

228 1379 298 1419 vix
329 1384 372 1420 et
410 1393 461 1419 ne
497 1377 566 1418 vix
599 1377 770 1432 quidem
804 1375 1024 1427 credebat,
1060 1377 1099 1416 in
1134 1391 1257 1417 scena
1284 1377 1495 1429 utebatur,
1516 1391 1650 1431 quum

228 1454 280 1495 iis
313 1468 451 1496 carere
486 1467 567 1494 non
599 1458 745 1508 posset
772 1452 796 1493 ¹.
865 1452 933 1493 Sic
964 1466 1058 1493 vcro
1082 1451 1396 1506 quodaminodo
1414 1451 1650 1507 deceptoris

228 1535 370 1585 partes
403 1529 583 1584 agebat,
631 1530 672 1570 ἐν
712 1527 848 1576 στήθει
886 1529 926 1584 γ’
965 1529 1102 1584 ἕτερον
1139 1531 1212 1580 μὲν
1252 1528 1428 1570 κεύθων.
1469 1528 1580 1569 ἄλλο
1612 1526 1650 1569 δὲ

228 1602 393 1659 βάζων·
459 1603 503 1646 Si
540 1604 635 1660 quis
674 1608 842 1657 autem,
878 1603 1026 1646 durius
1060 1604 1139 1645 hoc
1170 1603 1333 1644 dietum
1368 1610 1509 1655 ratus,
1547 1601 1650 1642 inihi

230 1679 429 1735 objiciat,
471 1679 595 1722 licere
639 1684 789 1735 poetae
826 1679 878 1720 ad
915 1679 1150 1721 decoranda
1186 1694 1261 1719 sua
1296 1678 1484 1719 carmina
1515 1677 1652 1719 fictio-

232 1755 358 1797 nibus
394 1754 459 1796 uti
493 1754 648 1810 quibus
681 1755 787 1796 nibil
824 1755 912 1796 veri
943 1755 1082 1796 inesse.
1115 1755 1244 1806 sciat,
1279 1753 1350 1795 ille
1384 1767 1526 1794 seeum
1558 1767 1654 1808 per-

232 1831 413 1886 pendat,
448 1831 565 1872 aliud
595 1844 686 1872 esse
718 1831 751 1871 si
789 1831 883 1886 quis
914 1831 1135 1872 hodiernus
1167 1834 1292 1884 poeta
1323 1835 1489 1871 caneret
1523 1843 1656 1884 paga-

232 1920 383 1948 norum
428 1907 606 1962 antiqua
652 1906 833 1948 numina
878 1906 979 1960 (etsi
1029 1907 1100 1947 vix
1151 1905 1361 1947 inveniret
1405 1905 1475 1960 qui
1528 1905 1652 1946 istam

233 1981 433 2023 eramben
466 1986 676 2023 recoctam
709 1981 975 2036 probarent),
1009 1980 1126 2022 aliud
1161 1980 1232 2021 ubi
1268 1979 1450 2021 Athenis
1472 1980 1511 2020 in
1532 1994 1657 2020 scena

236 2056 398 2112 tragica
427 2057 478 2099 de
509 2057 560 2098 iis
592 2071 730 2098 sermo
750 2062 826 2098 est.
878 2056 942 2097 Ibi
961 2056 1012 2097 de
1028 2056 1110 2097 (liis
1129 2055 1558 2109 autserioagenthun
1583 2065 1654 2096 aut

237 2132 462 2175 tacendum
496 2136 608 2173 erat:
645 2145 761 2173 mero
792 2131 962 2173 ornatui
996 2146 1079 2172 non
1114 2130 1252 2172 multo
1283 2131 1426 2185 aptius
1458 2130 1658 2171 inservire

235 2211 434 2262 poterant
465 2221 592 2262 quam
623 2207 894 2263 evangelicae
916 2207 1121 2248 historiae
1158 2207 1200 2247 in
1218 2206 1423 2247 ho‘dieruo
1440 2214 1657 2260 poemate:

238 2296 373 2338 neque
413 2279 603 2336 pr'ofecto
638 2282 728 2336 ipse
761 2281 989 2337 Euripides
1022 2281 1081 2322 ita
1118 2295 1306 2336 unquam
1337 2294 1509 2322 causam
1543 2293 1659 2319 oras-

238 2364 324 2399 set:
361 2357 396 2398 si
429 2356 692 2398 ostendisset
722 2356 853 2397 talem
893 2355 974 2396 sibi
994 2370 1086 2397 esse
1106 2355 1394 2408 sententiam,
1416 2354 1631 2410 lapidibus
1650 2386 1660 2398 .

238 2438 366 2489 puto,
423 2438 535 2474 esset
581 2432 742 2487 petitus
791 2446 815 2473 a
868 2431 1032 2474 civibus
1077 2431 1442 2478 Atheniensibus,
1486 2430 1661 2485 pietatis

240 2508 404 2550 scilieet
435 2507 729 2550 sectatoribus.
780 2507 928 2562 Neque
962 2506 1146 2548 inultum
1182 2506 1352 2561 prodest
1394 2506 1531 2547 dii-ere
1565 2520 1660 2546 eum

243 2582 543 2634 Schlegeli02‚
592 2583 632 2623 in
682 2582 883 2638 Euripide
928 2582 1109 2624 discerni
1147 2597 1271 2637 posse
1301 2582 1406 2623 duas
1438 2596 1660 2636 personas.

287 2723 295 2744 ¹
342 2725 412 2755 “Er
444 2730 552 2754 nutzte
581 2724 631 2754 die
657 2724 727 2754 todt
750 2723 946 2763 geu-ordene
973 2723 1082 2754 Masso
1107 2722 1191 2753 bloss
1215 2723 1262 2752 als
1294 2721 1388 2752 einen
1415 2721 1500 2751 Stoss'
1520 2721 1577 2750 der
1603 2720 1663 2751 Re—

244 2784 401 2820 flexion,·'
437 2783 558 2815 Bernh.
595 2783 628 2814 ll.
664 2793 736 2824 pag.
775 2784 844 2815 169.
876 2801 915 2805 —
948 2784 1032 2815 ‘'Dic
1071 2782 1244 2824 Mythen..
1284 2808 1287 2811 .
1332 2791 1439 2811 waren
1475 2779 1665 2811 inhalat-ere

245 2844 361 2884 Typen
385 2843 598 2884 geworden‚''
627 2853 689 2884 pag
725 2844 767 2874 43
789 2853 898 2883 supra.

288 2901 300 2921 ²
347 2902 440 2934 Vorl.
466 2902 543 2933 iiber
566 2903 669 2933 (Iram.
697 2903 800 2933 Kunst
827 2912 856 2932 u.
882 2902 946 2932 Lit.
973 2900 1011 2935 12.
1036 2911 1109 2941 paiz
1133 2902 1198 2931 210
1239 2894 1273 2921 s-
1301 2899 1397 2939 Apud
1410 2898 1585 2929 (lucrinum
1612 2902 1665 2927 >ed
