1956 3346
986 229 1010 265 2

290 366 414 406 saepe
463 355 606 391 autem
652 354 750 389 noto
799 349 926 389 errori
975 347 1248 401 indulgentes
1293 345 1436 400 potius
1485 357 1609 398 quam
1657 357 1705 383 ex

289 420 468 462 historia
501 433 544 460 se
577 417 738 459 edoceri
773 416 1008 471 patiantur,
1044 430 1092 456 ea
1124 429 1230 470 quae
1263 414 1379 456 fuere
1413 419 1499 454 tani
1534 410 1711 466 pulchra

291 488 598 541 imaginantur,
641 492 689 526 ut
727 485 849 526 abavi
883 483 1077 524 miraturi
1112 487 1255 524 essent
1287 481 1345 533 si,
1380 481 1432 522 ab
1466 479 1612 521 inferis
1645 493 1709 519 re-

290 557 439 608 duces,
475 558 651 610 possent
682 553 824 594 videre
857 566 984 607 quam
1019 551 1212 592 decoram
1246 557 1287 591 et
1320 550 1509 604 ipsorum
1543 553 1585 589 et
1600 552 1708 588 tem-

291 624 404 679 poris
451 637 533 678 quo
579 622 777 663 vixerunt
818 620 1000 674 effigiem
1048 624 1221 674 nepotes
1257 618 1336 659 sibi
1370 616 1706 658 informaverint.

291 692 441 734 Altera
484 705 581 733 vero
621 705 717 745 pars
751 690 998 741 hominum,
1034 695 1077 729 et
1111 689 1221 729 inter
1253 687 1329 728 lios
1362 701 1448 727 non
1480 700 1572 726 raro
1606 685 1634 726 ii
1668 684 1711 724 in

293 761 447 816 quibus
480 760 719 801 maximum
754 758 880 799 robur
913 757 1101 811 ingenii,
1138 756 1225 797 suis
1259 755 1420 796 viribus
1444 753 1607 805 confisi,
1627 752 1712 805 legi

293 834 490 871 aeternae
522 827 694 870 obedire
727 826 897 867 malunt
932 840 1040 881 quae
1071 828 1188 866 vetat
1222 824 1447 879 quicquam
1483 823 1714 863 consistere

295 899 335 938 in
371 898 524 952 quiete.
591 896 651 937 Hi
683 899 828 937 autem
861 908 914 936 ne
946 893 1139 934 incidant
1173 893 1214 932 in
1250 905 1430 933 errorem
1454 890 1714 932 contrarium

295 980 378 1006 non
420 965 559 1006 minor
601 968 667 1005 est
703 962 865 1011 cautim
908 961 1009 1002 dum
1044 961 1160 1002 enim
1194 965 1295 1001 nota
1329 959 1457 1000 nimis
1489 958 1607 1013 parvi
1640 957 1715 999 ha—

294 1035 398 1076 bent
441 1037 483 1075 et
521 1032 565 1073 in
609 1030 771 1087 ignotis
809 1044 979 1071 omnem
1026 1043 1145 1084 spem
1191 1032 1384 1083 ponunt,
1424 1026 1550 1069 facile
1582 1026 1716 1068 addu—

295 1109 450 1144 cuntur
482 1105 530 1143 ut
562 1100 606 1141 in
640 1099 791 1156 quovis
824 1103 946 1147 motu
977 1112 1250 1153 progressum
1283 1097 1414 1138 latere
1446 1096 1718 1151 suspicentur

296 1178 338 1213 et
381 1169 647 1227 quibuslibet
692 1167 1005 1209 mutationibus
1051 1171 1209 1208 temere
1245 1164 1478 1220 plaudant3
1527 1179 1574 1206 ac
1616 1164 1717 1205 dum

296 1239 481 1281 solidam
513 1244 668 1280 terram
702 1250 787 1277 non
821 1235 926 1277 satis
960 1234 1091 1289 spatii
1123 1233 1205 1276 sibi
1228 1233 1429 1289 praebere
1452 1232 1717 1284 existimant,

297 1323 380 1350 non
422 1321 513 1348 raro
555 1306 606 1347 fit
636 1309 685 1347 ut
717 1305 761 1345 in
794 1304 1055 1345 immensum
1088 1302 1262 1344 aethera
1293 1317 1337 1343 se
1369 1302 1551 1354 tollant,
1586 1300 1718 1342 auda-

296 1378 361 1418 cia
395 1387 501 1417 (tuce
534 1386 577 1416 et
608 1373 780 1429 auspice
813 1371 924 1425 sola,
960 1385 1061 1412 mox
1095 1371 1252 1412 nubem
1280 1384 1357 1425 pro
1379 1370 1458 1412 dea
1481 1369 1720 1425 amplexari

297 1451 372 1487 aut
404 1442 646 1499 liquefactis
681 1440 838 1497 pennis
875 1440 1007 1482 vitreo
1040 1439 1182 1481 daturi
1216 1439 1389 1480 nomina
1422 1444 1567 1494 ponto.

359 1514 428 1555 Me
472 1511 645 1568 quidem
682 1510 719 1552 si
751 1509 846 1565 quis
879 1514 1002 1564 roget
1033 1508 1141 1550 utris
1175 1508 1368 1563 partibus
1403 1522 1470 1548 me
1502 1506 1720 1558 addicam,

299 1597 382 1624 non
418 1595 519 1623 sane
556 1593 708 1635 negem
743 1593 812 1621 me
843 1578 987 1634 potius
1021 1577 1131 1619 velle
1162 1576 1360 1631 progredi
1393 1590 1520 1631 quani
1556 1588 1723 1629 semper

299 1652 446 1695 eodem
491 1651 585 1692 loco
628 1663 800 1691 manere
845 1652 920 1690 aut
966 1648 1095 1690 etiam
1140 1646 1351 1696 recedere3
1396 1653 1438 1688 et
1476 1645 1511 1686 si
1546 1645 1721 1686 omnino

299 1720 564 1777 pereundum
611 1721 750 1770 esset,
794 1717 971 1758 mallem
1015 1721 1062 1757 ut
1099 1716 1270 1768 Icarus,
1304 1716 1376 1770 qui
1410 1714 1586 1767 saltem,
1621 1713 1722 1754 dum

301 1789 438 1831 “coeli
472 1786 674 1843 cupidine
706 1790 869 1828 tractus
902 1785 1032 1827 altius
1065 1784 1155 1840 egit
1188 1785 1311 1836 it01·,”
1330 1783 1383 1826 ad
1401 1783 1503 1826 solis
1521 1782 1723 1824 viciniam

301 1859 556 1910 accesserat,
601 1854 720 1911 puris
761 1854 890 1896 maris
933 1853 1137 1896 fluetibus
1180 1852 1323 1906 obrui,
1359 1866 1486 1908 quam
1525 1856 1574 1893 ut
1606 1851 1723 1893 Cim-

303 1927 482 1968 niericus
520 1924 726 1966 barbarus
765 1937 859 1965 eum
907 1922 1126 1964 lutulenta
1166 1921 1293 1977 gleba
1333 1935 1619 1974 concrescere,
1654 1919 1725 1961 vix

302 1993 586 2050 praestantior
631 1992 771 2034 ostrea
802 2005 910 2046 quae
943 1990 1037 2044 rupi
1071 1990 1283 2031 adhaeret.
1352 1988 1434 2031 Sed
1473 2003 1546 2043 per
1578 1988 1725 2029 breves

302 2063 376 2118 qui
418 2062 557 2104 adhuc
598 2060 707 2103 mihi
749 2059 939 2103 concessi
981 2058 1156 2101 fuerunt
1195 2072 1329 2099 annos
1373 2057 1450 2099 hoc
1490 2062 1603 2099 certe
1635 2055 1727 2097 vita

305 2147 371 2174 ine
412 2130 584 2184 docuit,
621 2143 706 2171 non
741 2128 904 2184 primos
938 2132 1101 2169 nietam
1133 2127 1347 2181 attingere
1378 2126 1450 2181 qui
1484 2124 1727 2167 inconside-

306 2200 410 2242 ratis
443 2198 612 2240 nisibus
645 2197 871 2252 provolent
903 2196 1084 2238 simulac
1110 2195 1347 2237 carceribus
1366 2194 1634 2247 emittantur,
1654 2191 1728 2234 sed

306 2268 508 2324 majorem
550 2266 604 2309 iis
647 2280 766 2321 spem
809 2280 900 2307 esse
939 2264 1139 2306 vincendi
1172 2264 1246 2320 qui
1277 2264 1392 2306 lente
1423 2262 1652 2315 festinent,
1685 2264 1729 2303 et

304 2337 502 2379 certiores
548 2349 676 2392 quam
725 2335 946 2377 celeriores
989 2338 1155 2389 ponant
1196 2347 1393 2388 gressus,
1438 2337 1634 2374 caventes
1675 2345 1728 2372 ne

307 2407 506 2447 labantur
538 2419 615 2446 nec
647 2404 757 2445 vires
790 2407 1172 2458 praeconsumant,
1213 2403 1320 2444 bene
1353 2414 1561 2443 memores
1593 2413 1728 2455 quan-

308 2481 398 2515 tum
435 2473 562 2529 spatii
597 2473 906 2514 decurrendum
941 2476 1082 2513 restet.

368 2542 482 2583 Hinc
514 2540 564 2582 fit
596 2544 667 2594 ut,
702 2539 1063 2595 quemadmodum
1097 2538 1246 2580 laetari
1280 2537 1408 2591 soleo,
1442 2537 1629 2578 humano
1655 2550 1729 2591 ge-

309 2611 396 2652 neri
438 2610 623 2651 inditum
662 2624 753 2650 esse
790 2622 957 2649 sacrum
990 2607 1203 2659 ardorem,
1237 2621 1320 2663 quo
1353 2619 1523 2648 sursum
1558 2604 1730 2646 tendere

310 2678 572 2735 impellitur,
635 2677 695 2718 sie
753 2690 945 2718 summae
1003 2675 1133 2717 etiam
1195 2674 1440 2730 Sapientiae
1499 2673 1729 2715 documen-

310 2753 401 2789 tum
448 2746 714 2798 existimem,
765 2744 877 2799 quod
924 2743 1122 2785 sublimis
1172 2744 1244 2785 ille
1288 2748 1430 2784 motus
1470 2748 1731 2796 temperatur

311 2821 443 2858 terrae
476 2813 661 2870 quodam
694 2827 860 2865 amore,
895 2813 966 2867 qui
1002 2811 1199 2866 prohibet
1221 2811 1476 2867 quamnim,
1501 2809 1622 2851 firmo
1640 2809 1730 2851 solo

314 2879 495 2936 relicto,
513 2897 632 2925 inens
666 2882 855 2923 humana
877 2895 960 2921 non
983 2880 1136 2922 habeat
1157 2894 1239 2935 quo
1265 2880 1486 2921 innitatur.
1526 2878 1730 2919 Binarum
