1956 3346
925 178 978 218 93

236 319 330 347 mus
386 301 686 357 Dicaeopoliu,
732 300 927 356 equidem
979 314 1061 340 non
1108 298 1247 341 ausim
1297 299 1530 347 affi1·111art·;
1586 299 1659 340 secl

234 388 282 422 ut
330 379 573 420 dramatum
619 375 938 431 deperditorum
987 375 1135 416 heroas
1186 375 1436 426 mittamus,
1479 389 1656 430 quorum

232 543 441 585 imperfecta,
464 544 507 574 da
529 542 609 573 mihi
633 542 752 578 etiam,
774 551 838 582 quo
861 548 959 582 caput
982 541 1157 578 instruam,
1183 542 1326 582 Mysiam
1359 542 1526 582 pileolum.
1576 542 1658 573 Nam

231 603 352 635 “hodie
373 608 502 644 oportet
525 611 578 633 me
603 601 743 632 mendici
767 601 908 641 speciem
934 609 1066 641 gerere;
1090 610 1160 632 esse
1183 601 1317 642 quidem
1340 601 1395 642 qui
1420 611 1508 638 snm,
1525 602 1579 632 sed
1597 611 1659 631 non

233 662 372 700 videri··;
407 668 602 702 spectatores
635 661 767 701 quidem
799 660 881 691 scire
915 660 970 700 qui
1002 660 1158 695 ¹s⁴i1n‚sc‹1
1180 660 1350 691 choreum<
1374 660 1509 692 stolidos
1533 661 1660 691 adstare

231 728 263 753 et
285 731 305 752 a
327 731 379 753 me
401 721 523 752 deludi.

279 782 360 812 Eur.
399 780 494 812 Dabo
518 780 595 814 tibi.
618 777 879 820 quandoquidem
904 783 1036 808 versuta
1061 785 1172 810 mente
1196 778 1327 810 subtilia
1350 778 1556 810 machinaris.

278 843 352 873 Die.
399 842 474 873 Non
498 841 660 872 minorem
684 839 743 870 tibi
768 844 846 880 opto
869 837 1056 870 felicitatem
1087 848 1184 880 quam
1208 838 1326 879 obtigit
1348 837 1507 878 Telepho.
1553 838 1659 878 Euge,

227 901 296 941 jam
321 901 466 933 redundo
490 899 614 930 voculis
637 898 736 939 aptis.
780 897 845 930 Sed
868 907 950 939 egeo
974 897 1076 929 baculi
1099 898 1226 939 qualem
1251 903 1363 929 tenent
1387 897 1620 929 mendicantes.

277 961 359 991 Eur.
398 960 450 992 En
473 959 584 1000 accipe
606 963 640 990 et
662 957 754 989 aufer
778 964 810 988 te
834 967 853 988 a
876 957 1014 998 lapideis
1037 957 1195 999 postibus.

276 1019 352 1050 Die.
397 1018 426 1051 Ο
448 1018 556 1050 anime
568 1018 596 1056 *,
619 1017 728 1048 viden·
753 1022 791 1048 ut
815 1017 952 1048 aedibus
975 1017 1150 1054 extrudar,
1173 1017 1296 1048 multae
1318 1016 1424 1048 adhuc
1446 1014 1658 1057 supellectilis

228 1080 367 1119 expers?
411 1077 508 1109 Nunc
540 1086 622 1117 opus
657 1077 720 1108 erit
753 1076 933 1117 pertinacia
969 1083 1002 1108 et
1032 1077 1247 1117 impudentia.
1295 1075 1487 1116 Euripides,
1511 1076 1552 1106 da
1578 1075 1657 1106 mihi

229 1137 406 1179 sportulam
429 1142 597 1178 perustam
621 1136 752 1167 flamma
774 1136 941 1168 lucernae.

276 1197 359 1228 Eur.
396 1196 479 1236 Quis
502 1205 597 1233 vero,
620 1195 783 1236 improbe,
807 1196 975 1236 sportulae
997 1196 1055 1228 tibi
1079 1206 1154 1227 usus
1178 1196 1261 1227 erit?

275 1257 350 1288 Die.
395 1255 531 1293 Nullus,
555 1256 612 1287 sed
635 1262 747 1287 tamen
769 1255 888 1287 habere
912 1255 997 1288 volo.

276 1316 360 1347 Eur.
397 1314 576 1347 Molestum
600 1324 671 1347 esse
694 1320 726 1346 te
751 1315 842 1346 scito.
888 1315 967 1346 Abi.

275 1375 351 1407 Dic.
396 1374 487 1414 Phy!
511 1373 590 1406 Sors
612 1380 667 1405 tua
689 1379 756 1405 tam
778 1374 874 1406 beata
895 1373 936 1405 sit
957 1383 1057 1414 quam
1080 1374 1159 1405 olim
1183 1375 1298 1406 matris
1322 1381 1409 1407 tuae.

276 1434 357 1466 Eur.
395 1434 492 1466 Nunc
513 1434 643 1474 proripe
665 1438 709 1465 te.

274 1494 351 1525 De'c.
395 1494 460 1526 Sed
483 1493 566 1525 adde
589 1492 621 1524 id
644 1503 763 1524 unum:
787 1493 942 1534 pocillum
967 1502 1026 1525 ora
1048 1492 1197 1525 defracta.

275 1554 357 1586 Eur.
395 1553 462 1585 Abi
485 1553 519 1584 in
541 1553 661 1584 malam
684 1562 754 1584 rem
777 1562 850 1584 cum
873 1552 1009 1593 pocillo;
1033 1553 1166 1594 negotia
1182 1553 1264 1584 mihi
1278 1553 1407 1585 facessis
1422 1554 1562 1585 indomo
1574 1562 1655 1585 mea.

229 1625 238 1636 ν
273 1613 350 1646 Die.
395 1614 446 1645 At
467 1613 570 1645 nescis
592 1622 651 1654 per
669 1612 791 1645 Jovem
813 1618 971 1653 quantum
993 1612 1064 1653 ipse
1086 1612 1165 1644 mali
1190 1612 1298 1645 facias.
1322 1630 1363 1636 —
1381 1613 1410 1646 O
1424 1614 1546 1645 mellite
1558 1613 1657 1645 Euri-

228 1673 328 1714 pides,
350 1671 411 1706 hoe
433 1683 535 1705 unum
558 1672 663 1704 adhuc
685 1672 727 1704 da
749 1672 843 1711 mihi,
863 1672 997 1704 ollulam
1022 1673 1163 1714 spongia.
1185 1673 1377 1705 obturatam.

276 1732 358 1763 Eur.
395 1732 470 1764 Vae
492 1731 586 1769 mihi,
607 1732 769 1773 integram
792 1732 997 1774 tragoediam
1020 1732 1103 1764 mihi
1125 1733 1232 1765 tolles!
1258 1733 1360 1766 Sume
1383 1733 1515 1765 ollulam
1539 1738 1571 1764 et
1592 1733 1655 1764 abi.

273 1792 350 1823 Die.
395 1792 474 1824 Jam
508 1792 600 1823 abeo.
644 1791 850 1833 Quamquam
879 1792 956 1834 quid
980 1796 1098 1834 agam?
1120 1803 1197 1825 nam
1219 1794 1341 1835 aliquid
1362 1794 1550 1826 etiamnunc
1572 1794 1655 1825 desi-

227 1852 322 1889 dero,
355 1852 440 1892 quod
474 1851 536 1883 nisi
568 1861 747 1894 consequar
775 1853 875 1894 perii;
904 1852 1068 1890 ausculta,
1098 1862 1117 1884 o
1140 1853 1265 1885 mellite
1287 1854 1479 1896 Euripides;
1502 1854 1563 1885 hoc
1586 1861 1655 1885 tan-

226 1912 393 1944 tummodo
426 1911 453 1942 si
483 1911 722 1952 impetravero,
746 1911 841 1943 abibo
863 1922 928 1944 nou
956 1913 1137 1944 rediturus:
1162 1912 1197 1943 iu
1220 1913 1397 1953 sportulam
1421 1922 1540 1954 quaeso
1563 1913 1655 1944 indas

226 1971 375 2003 nonnihil
397 1972 496 2003 oleris
518 1972 651 2004 flaccidi.

270 2031 354 2063 Ειιν.
386 2031 510 2063 Perdes
533 2041 596 2063 me.
640 2031 694 2063 En
720 2031 795 2063 tibi:
819 2031 891 2064 vale
914 2033 1099 2074 tragoedia!

272 2091 348 2122 Dic.
394 2091 485 2122 Nihil
506 2091 666 2133 amplius,
687 2092 785 2128 abeo,
808 2101 885 2124 nam
909 2102 1028 2124 revera
1050 2102 1122 2124 sum
1149 2092 1247 2124 nimis
1271 2092 1442 2130 molestus,
1467 2096 1546 2123 “nec
1575 2093 1653 2124 >atis

226 2150 324 2181 timeo
357 2149 518 2182 offendere
555 2149 751 2192 principes.''
790 2168 832 2174 --
861 2151 912 2183 At
934 2151 1018 2183 eheu
1041 2157 1149 2183 actum
1173 2157 1222 2183 est
1243 2152 1284 2183 de
1306 2161 1378 2189 me,
1399 2161 1474 2183 nam
1493 2152 1524 2183 id
1547 2162 1566 2182 a
1588 2161 1652 2193 quo

224 2209 332 2241 omnia
360 2210 504 2250 pendent
527 2209 634 2242 omisi.
680 2209 710 2243 Ο
733 2210 986 2242 mellitissimum
1013 2211 1182 2243 corculum
1211 2211 1401 2252 Euripides,
1431 2212 1569 2252 pessime
1591 2212 1651 2242 dis-

225 2277 355 2308 peream
390 2268 417 2299 si
451 2269 530 2310 quid
564 2278 638 2300 sum
670 2269 803 2310 insuper
835 2269 1012 2310 petiturus,
1037 2275 1171 2311 praeter
1198 2270 1230 2301 id
1251 2279 1368 2306 unum.
1391 2270 1424 2301 id
1447 2270 1577 2302 unicum
1602 2279 1650 2301 so-

224 2327 373 2369 lumque:
397 2329 439 2359 da
460 2327 541 2359 mihi
563 2327 691 2360 caulem
713 2337 732 2359 e
755 2327 870 2359 matris
893 2333 968 2359 tuae
992 2327 1204 2360 haereditate.

269 2387 352 2419 Eur.
393 2387 533 2418 Insultat
555 2386 635 2418 mihi
659 2386 772 2418 homo:
797 2386 928 2418 occlude
951 2387 1064 2418 valvas
1086 2387 1229 2420 aedium.

271 2447 346 2479 Die.
391 2446 420 2480 O
443 2447 570 2484 anime,
592 2446 662 2478 sine
684 2446 778 2478 caule
801 2446 984 2479 abeundum
1009 2453 1067 2479 est.

267 2609 453 2650 Wagnerus
477 2609 509 2640 in
534 2609 794 2650 fragmentorum
818 2611 1071 2652 Euripideorum
1094 2611 1235 2643 editione
1259 2622 1301 2643 ex
1326 2612 1384 2643 hoc
1410 2612 1481 2643 loco
1508 2612 1650 2654 collegit,

225 2668 407 2710 Telephum
442 2669 659 2711 Euripideum
691 2680 806 2703 revera
835 2672 977 2713 gessisse
999 2671 1166 2704 corbulam
1190 2672 1397 2709 semiustam,
1420 2671 1564 2713 phialam
1588 2681 1650 2703 non

224 2728 404 2770 integram,
437 2729 534 2761 ollam
565 2730 702 2772 spongia
730 2731 801 2763 vice
823 2732 967 2773 operculi
990 2732 1151 2769 clausam,
1175 2739 1207 2764 et
1229 2732 1262 2763 in
1284 2731 1419 2763 corbula
1441 2731 1512 2762 olus
1534 2731 1648 2763 marci—

224 2788 311 2818 dum.
349 2788 415 2820 Sed
438 2789 547 2821 nescio
568 2800 610 2822 au
633 2797 773 2832 praestet
795 2801 859 2823 non
881 2793 963 2824 adeo
986 2793 1095 2824 verbis
1118 2792 1233 2824 comici
1258 2792 1419 2824 insistere.

269 2863 284 2879 ·
309 2864 333 2894 ὡ
357 2863 446 2905 θυμέ.
481 2870 558 2895 conr.
577 2870 670 2899 nquit.
688 2876 730 2895 vs.
749 2870 811 2895 1194
824 2888 831 2900 .
851 2872 984 2901 Euripidis
1002 2872 1074 2895 inter
1091 2872 1158 2896 anos
1176 2872 1247 2896 ineos
1265 2873 1385 2901 inprimis
1404 2873 1465 2897 Mai
1497 2879 1523 2897 v.
1545 2875 1616 2898 10:11.
