1956 3346
846 197 869 235 3
875 197 898 236 5

162 320 233 362 sed
283 326 407 362 natus
451 320 503 361 ad
547 334 651 375 opus
696 318 940 371 Musarum,
985 332 1067 359 uon
1101 317 1250 359 dubito
1284 318 1385 373 quin
1422 332 1577 359 novum

163 394 352 437 scenicae
396 394 533 450 poesis
571 408 707 449 genus
738 394 1055 448 excogitaturus
1090 393 1264 445 suisset,
1298 393 1385 434 suis
1419 392 1579 434 viribus

161 469 419 525 respondens
454 484 588 525 neque
620 483 818 524 pugnans
840 483 935 509 curn
955 468 1167 509 sentiendi
1188 472 1228 509 ct
1248 466 1578 523 philosophandi

161 543 322 586 ratione
360 558 466 599 quae
503 544 538 585 ci
583 550 670 585 crat
718 544 905 599 propriu:
954 544 1118 598 primus
1162 543 1313 598 opinor
1357 543 1429 585 ille
1468 543 1576 585 exti-

161 618 285 661 tisset
339 623 486 660 auctor
534 633 666 665 novae
712 618 964 660 comoediae.
1031 617 1142 659 Nam
1197 618 1305 660 istuc
1362 632 1439 660 sua
1481 632 1578 660 euin

161 698 313 736 natura
353 693 541 746 ferebat,
588 699 631 736 et
670 694 831 736 multae
877 707 927 734 ex
969 692 1059 747 ejus
1106 692 1264 735 sabulis
1304 694 1496 748 proxime
1527 693 1578 734 ad

159 782 251 810 eam
285 768 493 811 accedunt
515 769 538 809 ¹.
606 768 778 811 Scilicet
809 767 996 809 maxima
1031 767 1251 822 Euripidis
1285 767 1401 821 laus,
1426 773 1474 809 ut
1488 767 1578 822 jani

166 843 374 898 iudicavi,
422 847 489 886 est
535 843 675 899 posita
720 843 765 884 in
808 842 1038 899 pingendis
1083 842 1388 898 movendisque
1419 842 1581 884 affecti-

162 918 239 960 bus
260 924 292 973 2,
326 923 369 960 et
402 918 447 959 in
480 921 674 960 accurate
705 917 972 960 ‹leliucaudis
1007 917 1233 959 hominum
1254 918 1461 972 moribus,
1487 918 1581 973 qui-

162 993 241 1035 bus
282 993 324 1034 in
367 994 586 1049 tragoedia
624 1008 710 1036 non
752 999 899 1035 tantus
931 998 997 1036 est
1028 993 1145 1035 loeus
1175 997 1362 1049 quantus
1398 992 1440 1034 in
1474 1006 1583 1033 nova

162 1068 380 1110 comoedia
399 1073 431 1119 ³3
477 1069 518 1110 id
564 1068 676 1124 quod
715 1068 783 1110 liic
817 1075 959 1111 tamen
992 1068 1188 1124 pluribus
1223 1082 1306 1110 non
1339 1082 1581 1122 persequar,

161 1158 258 1185 eum
301 1144 354 1186 ab
385 1150 641 1199 argumento
672 1143 1049 1187 commentationis
1085 1144 1143 1186 sit
1173 1143 1391 1185 remotius
1458 1141 1584 1183 Nunc

162 1232 260 1260 vero
306 1218 533 1274 Euripides
575 1234 729 1261 novam
772 1220 996 1262 materiem
1035 1218 1175 1275 coegit
1206 1218 1251 1259 in
1283 1217 1441 1260 formas
1469 1217 1582 1259 anti-

164 1308 290 1349 quas,
321 1295 498 1337 servatis
531 1295 660 1337 etiam
691 1295 880 1351 antiquis
912 1295 1215 1344 nominibus⁴;
1251 1293 1312 1336 sie
1339 1297 1466 1335 natae
1482 1297 1585 1335 sunt

167 1368 264 1411 illae
293 1370 696 1425 tragicocomoediae
727 1370 793 1412 vel
819 1369 1223 1426 hilarotragoediae,
1244 1369 1296 1411 de
1319 1368 1474 1425 quibus
1490 1368 1584 1424 qui-

164 1442 261 1485 dem
304 1442 554 1500 Lessingius
596 1445 851 1500 “hybridas,
886 1445 1049 1501 inquit,
1084 1444 1121 1487 si
1153 1444 1274 1486 lubet
1309 1458 1379 1486 eas
1411 1447 1581 1486 vocate:

166 1532 305 1560 nonne
349 1519 492 1561 mulus
538 1519 783 1562 utilissimis
824 1519 1036 1575 jumentis
1089 1519 1378 1561 accensendus
1429 1518 1584 1561 est?''⁵

208 1634 217 1654 ¹
264 1634 420 1674 Quinctil.
443 1635 477 1667 X
502 1647 508 1665 :
537 1637 568 1666 1:
615 1635 718 1666 Hanc
744 1634 965 1675 [Euripidem]
991 1638 1023 1666 et
1045 1634 1240 1665 admiratus
1261 1643 1359 1675 saepe
1382 1637 1429 1665 est
1455 1633 1505 1673 (ut
1520 1635 1589 1675 ipse

160 1696 317 1735 testatur)
341 1698 374 1726 et
395 1698 538 1733 secutas,
560 1704 763 1735 quamquam
789 1696 825 1725 in
847 1704 944 1736 opere
967 1694 1108 1730 diverso,
1132 1693 1332 1725 Menander.

178 1740 181 1743 Ι
206 1753 375 1786 Philemon
399 1760 506 1787 autem
530 1755 704 1796 aliquando
727 1754 869 1795 scripsit,
891 1755 918 1785 si
942 1754 1002 1786 sibi
1014 1759 1178 1785 constaret
1190 1753 1327 1784 mortuis
1339 1762 1408 1785 esse
1421 1753 1587 1792 αῖσθησιν,

168 1815 280 1848 statim
302 1825 337 1848 se
360 1815 479 1847 collum
503 1815 618 1857 laqueo
639 1815 856 1852 inserturum,
879 1820 914 1846 ut
937 1814 1133 1855 Euripidem
1157 1813 1298 1845 videret:

331 1874 537 1917 ἀπηγξάμην
561 1875 615 1914 ἄν,
640 1874 714 1906 ὥστ’
739 1874 819 1906 ἰδεῖν
843 1874 1033 1916 Εἰνριπὶὂην.
1080 1873 1258 1912 (Videatur
1281 1872 1407 1914 primus
1432 1879 1464 1905 et
1476 1882 1586 1905 sccun-

165 1936 224 1967 dus
246 1934 416 1976 Euripidis
438 1934 636 1975 biographus
659 1934 693 1965 in
716 1933 808 1974 fine.)

207 1993 362 2034 Diphilus
385 1993 599 2034 κατάχρυσον
622 1993 756 2024 vocabat
780 1993 980 2034 Euripidem.
1027 1991 1162 2026 (Athen.
1188 1992 1221 2023 X
1245 2001 1318 2032 pag.
1342 1991 1458 2031 422b.)

209 2053 322 2086 Minus
356 2058 443 2085 reete
477 2061 529 2084 me
557 2052 666 2093 judice
701 2053 887 2084 Mommsen
914 2052 1025 2092 (Rem.
1050 2051 1167 2083 Geseh.
1185 2050 1197 2070 ⁶
1221 2051 1248 2087 Ι,
1272 2060 1346 2091 pag.
1368 2051 1466 2089 909)2
1513 2050 1589 2080 “das

165 2112 387 2145 “neuuttische
423 2111 588 2153 Lustspiel
626 2112 694 2143 tlmt
717 2112 823 2144 nichts
853 2112 902 2143 als
930 2112 992 2143 den
1015 2110 1188 2152 Euripides
1213 2111 1262 2141 ins
1286 2109 1463 2141 Komische
1489 2109 1588 2140 iiber-

164 2172 336 2215 ¹‘tragen.''
382 2173 506 2204 Verius
541 2172 664 2203 dixeris
699 2172 890 2213 Euripidem
925 2182 963 2203 eu.
996 2181 1079 2212 quae
1108 2180 1211 2202 novae
1247 2169 1434 2206 comoediae
1457 2169 1588 2210 propria

167 2237 244 2264 sunt
265 2241 379 2273 parum
401 2238 477 2273 apte
501 2231 534 2262 in
557 2231 714 2272 tragicam
738 2240 867 2262 scenam
891 2229 1111 2266 tmnstulisse;
1135 2229 1204 2266 vel,
1227 2229 1253 2260 si
1270 2238 1429 2270 oxymoro
1439 2228 1518 2260 libet
1529 2229 1588 2265 uti,

166 2301 230 2324 non
260 2291 476 2323 Menandrum
503 2300 585 2331 quae
610 2291 784 2331 scripserat
808 2289 997 2330 Euripides,
1021 2289 1077 2321 sed
1100 2298 1180 2329 quae
1204 2289 1385 2320 Menander
1408 2288 1588 2328 scripturus

166 2357 236 2383 erat
259 2350 451 2392 Euripidem
476 2359 545 2381 esse
570 2349 743 2381 imitatum.

208 2409 221 2430 ²
265 2410 397 2450 Quinct.
420 2409 512 2440 ibid.:
536 2410 575 2440 vim
597 2408 776 2449 affer-tibus
798 2417 874 2439 νιν-υ
897 2418 971 2438 cum
994 2407 1145 2438 omnibus
1170 2409 1286 2445 mirus,
1310 2410 1380 2438 tum
1409 2408 1443 2438 iu
1471 2407 1512 2436 iis
1530 2407 1587 2447 qui

168 2470 382 2501 nniseratiane
403 2468 685 2508 ‹·0usta12tflz‹·il0
702 2468 920 2509 praecipuus.

208 2528 222 2548 ³
266 2528 406 2561 Aristot.
433 2533 509 2569 poet
556 2528 593 2558 6:
618 2528 659 2559 rii
685 2527 863 2568 πράγματα
887 2527 939 2556 καὶ
964 2525 981 2556 ὁ
1004 2525 1109 2566 μῦθος
1132 2524 1227 2561 τέλος
1247 2527 1305 2562 τῆς
1319 2523 1518 2566 τραγῳδίας.
1534 2545 1542 2554 .
1558 2548 1563 2554 .
1578 2546 1585 2553 .

167 2588 245 2620 ἄνευ
267 2590 328 2629 μὲν
352 2587 499 2629 πράξεως
523 2588 581 2618 οὐκ
605 2587 648 2618 ἂν
671 2586 801 2628 γένοιτο
825 2584 1010 2626 τραγῳδία,
1035 2585 1114 2616 ἄνευ
1139 2584 1169 2615 ἑὲ
1196 2584 1287 2622 ἠθῶν
1311 2583 1428 2625 γένοιτ’
1451 2584 1505 2614 ἄν.

210 2648 222 2667 ⁴
268 2648 304 2679 Id
339 2647 509 2688 eleganter
531 2646 756 2678 Bernlmrdius
780 2654 855 2686 pag.
880 2645 962 2681 469,
985 2645 1025 2675 de
1048 2644 1222 2675 Aulideusi
1247 2642 1421 2684 Iphigenia
1443 2643 1588 2683 loquens

171 2713 265 2739 vocat
297 2707 370 2738 “ein
416 2706 638 2748 biirgerliches
675 2704 938 2747 Intriguenstiick
974 2704 1034 2735 mit
1071 2703 1378 2744 Empfindsumkeit,
1421 2702 1499 2732 aber
1536 2702 1594 2732 uus

170 2766 323 2798 “Kosten
347 2766 438 2798 eines
460 2766 663 2807 gliinzenden
687 2765 821 2806 Mythos
843 2764 907 2796 und
930 2765 986 2795 der
1009 2763 1199 2794 surstlichen
1225 2763 1323 2796 Ehre.
1344 2760 1541 2792 romanus-ch
1559 2761 1589 2791 iu

171 2825 298 2858 “Scene
320 2826 459 2859 sctzen.”

219 2884 230 2904 ⁵
283 2885 400 2917 numi).
437 2885 584 2917 Dranint.
620 2884 666 2915 n⁰.
700 2884 743 2916 48
776 2883 807 2915 in
833 2883 911 2915 fine:
957 2883 1059 2915 '‘Wus
1082 2881 1158 2923 geht
1184 2880 1269 2911 mich
1295 2889 1327 2911 cs
1351 2889 1391 2910 un
1414 2879 1455 2910 ob
1477 2888 1513 2910 so
1536 2879 1589 2910 eiu

1353 2940 1407 2979 3·
