1956 3346
1015 179 1070 216 Q)

386 301 484 343 Non
526 300 668 342 minus
712 300 961 355 importuna
1007 300 1115 341 mihi
1163 300 1332 343 videtur
1378 300 1420 341 in
1467 301 1570 342 Ione
1605 300 1748 343 fabula

326 376 560 419 verbositas
594 374 765 428 nuncii,
802 374 874 430 qui
906 374 1009 415 dum
1042 374 1247 416 Creusam
1281 375 1470 430 quaerit,
1505 390 1633 431 quam
1656 391 1747 418 mo-

325 455 424 493 neat
465 451 517 492 de
555 451 746 492 instante
782 448 896 491 vitae
933 448 1122 504 periculo
1144 450 1172 502 ¹,
1207 449 1407 491 subsistit
1436 450 1749 506 aliquantisper

324 530 373 568 ut
411 526 466 567 ad
502 539 690 580 unguem
723 524 937 566 describat
967 524 1127 579 figuras
1158 524 1358 579 impietas
1395 525 1557 567 aulaeis
1591 527 1745 581 quibus

325 602 404 643 Ion
437 601 481 641 in
512 599 702 656 parando
734 599 930 641 convivio
963 604 1189 641 ornaverat
1221 600 1469 643 tentorium.
1490 626 1548 632 —-
1567 601 1613 644 Si
1645 601 1749 643 talia

323 675 640 730 vituperatione
696 680 868 717 exemta
917 681 1039 730 sunt,
1099 675 1296 730 equidem
1345 675 1413 717 vel
1459 675 1565 718 furis
1612 677 1749 732 capite

324 749 539 804 damnati,
570 750 722 806 laqueo
748 750 841 805 jam
873 750 1016 792 fauces
1048 754 1293 805 premente,
1323 750 1458 792 feram
1479 751 1583 807 quin
1607 756 1651 794 et
1673 753 1748 794 ad-

323 826 510 869 mirabor
550 826 785 868 orationem
830 826 1095 881 tripartitam
1139 840 1236 868 cum
1274 826 1453 882 prologo
1485 832 1528 868 et
1560 827 1744 882 epilogo.

383 902 453 943 Ad
495 902 617 943 illam
659 906 795 943 artem
833 900 1068 956 sophistice
1099 901 1330 943 oratoriam
1358 901 1579 957 pertinent
1620 903 1749 944 etiam

325 977 520 1034 argutiae
562 977 894 1032 grammaticae,
939 991 1044 1032 quas
1087 976 1248 1031 pariter
1291 977 1465 1019 adamat
1497 977 1749 1032 Euripides,

324 1056 367 1095 et
399 1068 504 1109 quas
534 1054 671 1096 risum
699 1052 948 1109 praebuisse
981 1052 1264 1108 Aristophani
1296 1067 1425 1109 supra
1441 1053 1534 1109 jam
1556 1054 1751 1096 animad-

323 1129 531 1172 vertimus
558 1130 675 1184 (pag.
713 1130 768 1170 74
801 1128 898 1170 adn.
934 1129 999 1182 4),
1034 1143 1167 1183 quum
1200 1128 1378 1170 inducat
1409 1143 1507 1170 eum
1540 1129 1592 1171 de
1623 1144 1751 1184 syno-

324 1205 467 1260 nymis
512 1204 652 1246 verbis
692 1203 776 1253 ἥκω
808 1208 851 1246 et
883 1206 1132 1261 κατέρχομαι
1163 1204 1368 1246 subtilius
1401 1218 1499 1245 cum
1532 1204 1751 1260 Aeschylo

325 1280 632 1336 disputantem.
667 1306 725 1310 —
758 1280 946 1322 Fabulae
990 1279 1245 1336 Euripideas
1280 1279 1317 1322 si
1348 1280 1561 1336 perlegis,
1594 1280 1752 1322 identi-

330 1356 429 1399 dem
466 1355 622 1398 incidis
667 1355 713 1396 in
751 1355 977 1397 verborum
1022 1355 1308 1397 derivationes
1342 1358 1432 1396 tam
1464 1354 1671 1397 absurdas
1705 1359 1753 1397 ut

327 1446 425 1474 cum
466 1430 654 1487 cujusvis
684 1430 861 1473 classici
901 1431 1120 1486 scriptoris
1163 1430 1419 1472 commentis
1453 1430 1752 1485 etymologicis

331 1510 493 1550 certare
535 1506 716 1562 possint.
782 1506 968 1548 Doctum
1012 1506 1120 1548 illud
1164 1506 1348 1548 Tiresiae
1391 1506 1751 1559 deliramentum,

333 1583 407 1625 ubi
439 1583 491 1625 de
522 1597 676 1625 vocum
705 1583 839 1638 μηρὸς
870 1585 913 1624 et
946 1584 1106 1637 ὅμηρος
1138 1580 1259 1622 inani
1292 1581 1578 1623 similitudine
1609 1580 1751 1636 philo-

330 1657 560 1713 sophatur,
588 1657 681 1712 jam
712 1656 900 1698 vidimus
922 1655 950 1697 Ξ.
1000 1655 1169 1697 Nomen
1192 1655 1395 1711 antiquae
1416 1655 1554 1697 tribus
1577 1655 1755 1697 Jonicae

328 1799 430 1831 armis
464 1804 496 1830 et
517 1799 620 1840 signis
643 1798 864 1836 nunciaretur,
887 1797 1023 1838 ideoque
1046 1801 1119 1838 post
1140 1806 1287 1838 pugnam
1311 1798 1443 1828 demum
1467 1800 1631 1836 peractam
1659 1805 1753 1827 suum

326 1859 481 1891 nuncium
502 1858 714 1900 produxisse,
737 1859 776 1889 de
801 1857 917 1889 iisdem
942 1856 1134 1888 relaturum.

372 1919 407 1951 Si
441 1923 547 1956 recte,
569 1935 610 1940 —
631 1917 720 1958 quod
752 1916 834 1947 mihi
865 1921 975 1947 tamen
999 1925 1064 1947 non
1088 1920 1215 1947 constat
1236 1932 1278 1937 -
1301 1914 1363 1945 hoc
1386 1914 1539 1955 opinatus
1562 1918 1613 1945 est
1637 1913 1756 1945 Mulle-

330 1989 404 2018 rus,
436 1981 598 2020 quantum
633 1978 777 2009 dicemus
809 1987 829 2007 a
861 1985 942 2008 vero
974 1976 1145 2007 aberrasse
1182 1975 1395 2015 Euripidem,
1432 1978 1601 2015 putantem
1634 1973 1758 2005 scilicet

336 2037 570 2079 opportuniore
592 2037 665 2068 loco
688 2047 707 2067 a
729 2045 764 2067 se
787 2036 947 2067 insertum
969 2044 1041 2066 esse
1067 2034 1160 2065 illum
1185 2033 1329 2076 α’γγὲλου
1351 2033 1471 2075 λόγονῐ

375 2099 382 2117 ¹
431 2099 502 2131 Ion.
526 2107 574 2129 vs.
601 2098 684 2130 1106
707 2107 775 2138 sqq.

377 2158 390 2177 ‘²
434 2157 530 2192 Conf.
555 2168 654 2200 supra
677 2167 751 2199 pag.
774 2157 813 2188 21
841 2156 915 2187 adn.
938 2155 969 2186 6.
993 2172 1035 2177 —
1057 2154 1166 2186 Locus
1189 2153 1244 2184 hio
1266 2158 1333 2191 est,
1355 2152 1476 2185 Bacch.
1500 2161 1546 2186 vs,
1570 2151 1758 2183 286-297:

627 2219 680 2249 καὶ
704 2217 895 2258 καταγελᾷς
919 2227 986 2255 νιν,
1011 2215 1055 2252 ὡς
1079 2214 1238 2256 ἐνερράφη
1262 2214 1340 2251 Διὸς

628 2277 734 2319 μηρῷ·
760 2275 878 2311 διδάξω
904 2273 933 2306 σ’
958 2275 1002 2312 ὡς
1027 2274 1137 2311 καλῶς
1161 2274 1225 2314 ἔχει
1249 2272 1333 2305 τόδε.

632 2337 703 2368 ἐπεί
726 2348 781 2367 νιν
807 2333 928 2376 ἥρπασ’
953 2334 987 2365 ἐκ
1011 2334 1117 2375 πυρὸς
1142 2332 1314 2373 κεραυνίου

631 2396 730 2435 Ζεύς,
755 2394 800 2432 εἰς
825 2393 851 2426 δ’
871 2393 1056 2434 ”Ολυμπον
1078 2391 1202 2433 βρέφος
1226 2389 1402 2432 α’νήγαγεν
1426 2389 1517 2429 νέον,

625 2455 716 2497 ’Ἠρα
739 2467 794 2486 νιν
816 2453 907 2493 ἤθελ’
932 2452 1088 2493 ἐκβαλεῖν
1111 2448 1172 2483 ἀπ’
1196 2450 1354 2492 οὐρανοῦ.

632 2516 711 2552 Ζεὺς
734 2514 761 2546 δ’
786 2511 1081 2555 ἀντεμηχανήσαθ’
1105 2511 1161 2543 οἷα
1187 2510 1227 2548 δὴ
1251 2509 1336 2546 Θεός.

630 2573 734 2615 ῥήξας
756 2574 853 2616 μέρος
877 2586 907 2605 τι
933 2575 993 2605 τοῦ
1016 2571 1109 2613 χθόν’
1133 2568 1392 2613 ἐγκυκλουμένου

633 2633 781 2675 αἰθέρος,
804 2634 896 2672 ἔθηκε
920 2632 1009 2664 τόνδ’
1035 2631 1159 2673 ὅμηρον
1182 2629 1325 2666 ἐκδιδοὺς

635 2694 799 2725 Διόνυσον
816 2692 925 2735 ’Ἤρας
948 2691 1090 2724 νεικέων·
1117 2691 1227 2732 χρόνῳ
1252 2688 1282 2720 δέ
1308 2701 1364 2720 νιν

633 2753 751 2795 βροτοὶ
775 2752 942 2794 τραφῆναί
966 2758 1067 2794 φασιν
1090 2751 1126 2782 ἐν
1148 2751 1241 2792 μηρῷ
1265 2749 1361 2787 Διός,

634 2813 740 2853 ὄνομα
762 2810 1048 2853 μεταστήσαντες,
1073 2808 1122 2841 ὅτι
1147 2809 1208 2850 Θεᾷ
1230 2808 1303 2844 θεὸς

632 2870 719 2912 ’Ἤρᾳ
745 2871 822 2901 ποθ’
847 2869 1029 2911 ὡμήρευσε,
1054 2866 1229 2904 συνθέντες
1252 2867 1368 2908 λόγον.
