1956 3346
914 219 1018 227 —.

294 325 309 360 ξ
334 323 367 352 4.
400 322 461 352 Gur
499 321 707 361 tragoediae,
740 329 855 359 partun
886 321 1034 360 tragicas
1058 326 1186 359 tamen,
1210 323 1380 361 scripserit

397 380 591 420 Euripiden,
616 390 690 420 pag.
715 380 856 412 34—38.

441 438 556 479 Inepta
588 438 764 479 explieatio
794 447 872 479 pag.
893 439 945 469 34.
971 438 1164 478 Euripidem
1190 439 1381 470 necessitate

398 500 535 540 quadam
554 504 702 529 coactum
722 507 756 529 se
772 498 946 529 contulisse
958 499 998 529 ad
1010 508 1092 539 opus
1104 499 1264 537 tragicum
1279 509 1308 539 p.
1321 501 1382 536 34;

395 558 464 599 ejus
497 560 646 590 dramata
670 558 776 588 vicina
799 567 869 589 esse
892 559 1078 590 comoediae
1102 568 1206 589 novae
1230 569 1304 600 pag.
1328 561 1381 593 35.

395 625 431 650 ut
454 617 635 649 ostenditur
658 627 700 648 ex
725 617 803 648 Ioue
828 627 900 657 pag.
924 618 967 648 36
990 627 1058 658 sqq.

249 713 446 755 CAPUT
480 714 561 755 111.
623 683 858 768 ‘Euripides
895 714 1224 770 πολυμῆχωιος.
1246 730 1453 769 ....pag.
1478 718 1672 758 :39—51.

288 799 305 837 ξ
333 799 363 829 1.
397 798 626 838 Aristophanis
648 798 714 829 loci
736 799 799 829 huc
821 799 1047 838 pertinentes,
1070 808 1143 838 pag.
1167 799 1308 831 39-43.

436 857 509 888 Hoc
531 857 697 898 Euripidis
724 858 841 888 vitium
865 857 950 888 unde
977 857 1110 889 fluxerit
1132 868 1208 898 pag.
1229 859 1288 895 39;
1310 869 1377 890 sae—

395 916 465 957 pius
487 917 526 948 ab
549 916 774 957 Aristophane
804 917 957 951 derisum
974 926 1038 958 pag
1072 917 1114 948 39
1139 927 1204 958 sq„
1233 927 1378 958 praeser-

395 977 454 1008 tim
478 977 510 1007 in
534 976 880 1018 Thesmophoriaznsis
904 987 979 1018 pag.
1004 978 1047 1009 40
1068 986 1137 1018 sqq.

286 1037 303 1075 ξ
325 1037 361 1066 2.
393 1037 439 1068 De
461 1037 600 1068 crimine
620 1037 820 1069 inventionis
843 1037 941 1068 nimis
963 1037 1167 1076 multiplicis,
1185 1047 1215 1077 p.
1236 1038 1376 1071 43-47.

436 1095 504 1128 Cur
538 1097 644 1127 unitas
680 1096 713 1126 in
748 1102 817 1127 arte
844 1095 886 1126 sit
917 1096 1104 1127 necessaria
1126 1106 1199 1138 pag.
1225 1097 1267 1128 43
1290 1106 1373 1138 sqq,

391 1155 584 1186 nominatim
610 1156 641 1186 in
664 1155 835 1196 tragoedia
857 1165 931 1196 pag.
955 1156 1014 1190 45;
1039 1156 1069 1186 id
1092 1155 1285 1196 Euripidem
1308 1164 1373 1186 non

390 1225 520 1256 semper
545 1215 733 1246 meminisse
755 1215 847 1252 ibid.,
871 1216 956 1256 quod
978 1216 1220 1246 demonstratur
1241 1225 1283 1246 ex
1306 1215 1376 1256 ejus

391 1275 544 1306 dramatis
567 1285 642 1316 pag.
666 1275 708 1306 46
730 1285 777 1316 sq.

283 1336 299 1374 ξ
322 1335 358 1365 3.
391 1335 438 1366 De
461 1335 598 1366 crimine
620 1335 822 1366 inventionis
844 1335 942 1365 nimis
958 1334 1115 1372 callidae,
1140 1345 1212 1375 pag.
1234 1336 1372 1367 48—51.

430 1394 594 1435 Exempla
637 1404 680 1426 ex
723 1393 870 1435 pluribus
916 1394 1083 1435 Euripidis
1121 1395 1237 1426 sabulis
1272 1396 1373 1436 petita

389 1464 463 1494 pag.
486 1454 529 1485 48
550 1463 635 1494 sqq.;
668 1453 795 1484 somnia
817 1463 892 1494 pag.
915 1454 959 1485 50
981 1463 1016 1494 sq
1035 1467 1044 1491 ς
1068 1454 1274 1485 interventus
1297 1455 1370 1486 deo-

389 1523 463 1544 rum
486 1523 561 1555 pag.
584 1514 636 1545 51.

240 1600 436 1643 CAPUT
468 1599 541 1642 IV.
609 1599 838 1656 Euripides
862 1600 905 1641 in
925 1614 1051 1642 scena
1067 1600 1352 1656 philosophus
1382 1622 1402 1643 ιι
1467 1604 1570 1644 52-
1585 1603 1662 1643 66.

429 1685 598 1718 Secessum
633 1690 666 1716 et
699 1685 799 1716 libros
823 1685 951 1716 amabat
974 1695 1047 1727 pag.
1071 1687 1126 1718 52.
1149 1686 1206 1718 An
1229 1686 1371 1728 philoso-

388 1745 485 1786 phiae
507 1745 648 1776 naturali
672 1745 813 1776 multum
836 1745 968 1777 deberet
990 1755 1064 1787 pag.
1088 1747 1130 1777 53
1149 1755 1195 1787 sq.
1218 1747 1246 1778 F
1249 1747 1370 1778 acetiae

386 1805 620 1846 Aristophanis
642 1815 716 1846 pag.
729 1806 771 1837 54
789 1815 857 1847 sqq.
881 1805 1125 1838 Sententiarum
1142 1806 1274 1838 ubertas
1285 1808 1369 1847 apud

385 1865 577 1905 Euripidem
611 1875 685 1905 pag.
719 1866 762 1896 59
785 1874 841 1906 sq..
867 1874 1038 1906 perperam
1062 1876 1082 1896 a
1104 1865 1214 1897 multis
1236 1865 1369 1897 laudata

386 1935 460 1965 pag.
497 1925 541 1956 60
573 1935 619 1965 sq.
665 1923 749 1964 Ejus
782 1934 997 1966 personarum
1031 1927 1124 1957 docta
1152 1925 1210 1956 sed
1233 1925 1370 1957 molesta

385 1984 560 2026 loquacitas
597 1994 673 2025 pag.
706 1985 743 2016 61
782 1994 850 2025 sqq.
877 1984 1111 2026 Philosophiae
1133 1986 1309 2016 ostentatio
1333 1986 1365 2016 in

385 2045 545 2085 Euripide
568 2054 632 2076 non
656 2045 821 2086 probanda
844 2055 920 2086 pag.
943 2045 986 2076 65
1008 2055 1055 2086 sq.

236 2131 432 2174 CAPUT
462 2130 514 2173 V.
580 2130 810 2186 Euripides
842 2130 887 2172 in
920 2145 1048 2172 scena
1076 2130 1239 2172 rhetor.
1260 2162 1269 2171 .
1291 2162 1299 2171 .
1320 2163 1328 2172 .
1350 2150 1396 2172 .ιι
1462 2133 1657 2174 ‹st—83.

429 2215 538 2255 Hujus
561 2215 707 2247 criminis
730 2215 879 2257 gravitas
895 2225 969 2256 pag.
990 2215 1042 2248 67.
1063 2215 1226 2247 Rhetores
1243 2215 1367 2246 civitati

384 2275 582 2307 Atheniensi
605 2285 769 2306 summam
793 2276 958 2306 invexisse
982 2275 1162 2316 perniciem
1186 2285 1216 2316 p.
1240 2276 1283 2307 68
1301 2285 1369 2316 sqq.

384 2334 530 2366 Dicteria
564 2334 795 2375 Aristophanis
818 2345 893 2376 pag.
917 2336 962 2369 70
984 2345 1051 2376 sqq.
1088 2335 1184 2366 Artis
1207 2335 1367 2366 oratoriae

383 2394 499 2425 crebra
520 2394 608 2435 apud
629 2394 825 2435 Euripidem
855 2394 998 2435 vestigia
1021 2404 1098 2435 pag.
1121 2395 1181 2431 75;
1204 2394 1366 2425 orationes

382 2453 498 2485 sabulis
521 2453 731 2485 intermixtae
742 2463 818 2494 pag.
835 2453 893 2491 763
917 2453 1040 2494 dialogi
1057 2453 1163 2485 forum
1177 2453 1366 2494 resipientes

382 2524 456 2555 pag.
490 2513 533 2547 76
567 2523 631 2554 sq.;
664 2514 809 2554 speciosa
841 2519 1039 2555 argumenta
1062 2523 1121 2554 pro
1144 2513 1238 2544 malis
1259 2514 1363 2544 causis

381 2583 456 2614 pag.
480 2573 539 2608 78;
562 2573 670 2604 nuncii
696 2573 821 2605 verbosi
845 2583 919 2614 pag.
942 2574 985 2606 79
1001 2582 1065 2613 sq.;
1089 2582 1196 2614 nugae
1209 2572 1362 2614 etymolo-

380 2632 472 2673 gioae
511 2641 586 2673 pag.
619 2632 662 2663 80
695 2641 767 2672 sqq.
811 2631 1035 2672 Aliquatenus
1069 2637 1177 2662 tamen
1216 2631 1364 2672 Euripidi

381 2691 614 2732 ignoscendum
639 2700 712 2732 pag.
735 2691 779 2723 82
801 2700 845 2731 sq.

234 2767 428 2810 CAPUT
462 2768 538 2809 VI.
607 2768 835 2823 Euripides
859 2781 1027 2810 morum
1055 2771 1297 2821 corruptor.
1319 2787 1394 2807 ..ιι
1460 2771 1655 2811 84-90.

424 2843 511 2874 Mira
542 2844 720 2881 accusatio,
755 2843 900 2884 profecta
922 2843 962 2874 ab
985 2842 1206 2883 Aristophane
1230 2851 1295 2872 non
1320 2842 1363 2871 ita

381 2908 472 2935 casto
505 2908 601 2943 poeta
637 2912 711 2944 pag.
747 2904 788 2934 84
814 2914 859 2944 sq.
883 2903 967 2942 Quid
992 2910 1100 2934 tamen
1122 2902 1182 2933 snb
1204 2911 1242 2932 ea
1267 2901 1363 2932 lateat
