1956 3346
965 211 1017 248 42

288 342 428 377 tamen
479 350 521 375 se
570 334 721 375 iterum
765 331 983 386 suppetias
1030 333 1256 371 venturum
1295 328 1583 381 Mnesilocho,
1618 329 1698 370 nisi

286 426 330 452 se
361 408 561 451 deficiant
592 410 630 449 αἱ
658 409 794 462 μυρίαι
823 407 1006 460 μηχαναί
1030 405 1052 445 ¹.

346 484 477 525 Miser
502 485 644 524 autem
663 477 969 530 Mnesilochus,
994 477 1175 519 vinculis
1199 477 1470 530 constrictus,
1495 492 1519 518 a
1544 477 1699 531 Scytha

286 558 544 605 custoditum
578 567 680 596 mox
711 567 807 595 vero
841 551 1026 607 adspicit
1056 551 1305 606 Euripidem
1339 552 1417 593 sub
1448 552 1589 593 Persei
1607 566 1699 607 per-

287 647 391 674 sona
421 632 669 673 redeuntem
690 628 721 682 2,
755 629 869 670 unde
902 627 1112 682 intelligit
1148 626 1228 668 sibi
1262 641 1374 668 nune
1407 627 1701 669 Andromedae

287 710 429 762 partes
460 719 552 747 esse
583 702 872 755 sustinendas,
906 702 1019 757 quod
1051 701 1255 756 alligatus
1274 700 1387 755 palo,
1416 705 1463 742 ut
1488 701 1562 742 illa
1590 702 1699 757 rupi,

286 781 444 836 poterit
476 778 708 822 commode.
776 777 905 820 Canit
940 777 1116 832 longam
1148 775 1396 817 monodiam
1429 775 1541 830 (ejus
1574 791 1701 831 quam

286 854 560 896 Andromeda
579 852 812 908 Euripidea
825 855 1070 894 cantaverat
1087 850 1411 903 imitationem),
1429 865 1557 906 quam
1575 850 1701 892 Euri-

286 931 431 985 pides,
469 929 586 971 Echo
619 927 909 980 adsimulans,
940 925 1162 968 intercinit
1180 926 1197 951 ³
1226 940 1429 980 perquam
1446 925 1609 980 jocose3
1634 925 1702 986 hic

286 1005 439 1047 deinde
471 1005 675 1046 Perseum
697 1016 828 1058 agens
851 1001 1012 1043 solvere
1033 1004 1155 1056 parat
1177 1000 1519 1050 Andromedam3
1546 1000 1703 1055 Scytha

287 1085 429 1122 tamen
476 1095 570 1122 eam
613 1079 829 1121 dimittere
859 1092 945 1119 non
977 1076 1096 1130 vult,
1130 1077 1458 1131 adstantemque
1490 1075 1701 1118 vindicem

287 1160 417 1211 negat
458 1155 576 1198 aliud
622 1169 715 1197 esse
765 1153 849 1195 nisi
897 1167 1041 1194 senem
1088 1153 1352 1207 improbum,
1405 1152 1507 1207 quin
1555 1151 1702 1193 stricto

287 1231 468 1287 denique
508 1231 654 1287 gladio
689 1230 879 1271 minatur
905 1228 1059 1271 fictitio
1090 1228 1156 1269 illi
1197 1228 1361 1270 Perseo.
1427 1227 1588 1269 Iterum
1622 1226 1702 1283 igi-

239 1309 242 1312 ’
287 1312 356 1349 tur
398 1307 545 1363 fugere
588 1310 758 1349 coactus
798 1304 1051 1360 Euripides,
1085 1303 1248 1360 aliquid
1282 1303 1382 1345 novi
1416 1303 1702 1352 machinatum

289 1382 454 1424 scilicet
497 1395 595 1424 cum
638 1379 890 1422 mulieribus
922 1384 1074 1434 pactus
1107 1382 1156 1420 ut
1185 1378 1443 1434 permittant
1473 1378 1512 1420 ei
1544 1377 1715 1420 solvere.

288 1456 626 1509 Mnesilochum,
671 1455 707 1496 si
749 1454 897 1496 fallere
927 1453 1067 1508 possit
1101 1453 1319 1507 Scytham,
1353 1453 1412 1508 ἐφ’
1441 1452 1507 1507 ᾧτ’
1535 1452 1703 1494 ἀκοῦσαι

285 1530 408 1584 μηδὲν
438 1531 504 1573 ὑπ’
534 1533 630 1584 ἐμοῦ
659 1527 819 1583 μηδαμὰ
851 1531 975 1571 κακὸν
1005 1531 1052 1570 τὸ
1082 1528 1236 1570 λοιπόν
1252 1528 1282 1574 ⁴,
1325 1527 1404 1569 sub
1448 1527 1569 1568 lenae
1610 1541 1704 1582 pel·-

287 1620 391 1647 sona
420 1604 692 1660 progreditur
721 1618 818 1645 cum
850 1608 1031 1644 venusta
1061 1601 1347 1656 meretricula,
1371 1617 1477 1658 quae
1500 1602 1703 1656 Scytham

287 1680 442 1722 amoris
476 1677 665 1721 stimulis
699 1678 850 1720 incitat
861 1695 871 1728 3
905 1678 975 1720 hic
1006 1681 1151 1719 autem
1183 1677 1287 1718 dum
1319 1691 1418 1719 cum
1448 1675 1593 1732 puella
1625 1676 1705 1718 ali—

287 1755 537 1810 quantisper
583 1752 767 1806 secedit,
817 1752 1046 1808 Euripides
1088 1752 1243 1794 liberat
1284 1750 1620 1805 Mnesilochum,
1665 1754 1707 1793 et

288 1829 447 1884 Scytha
477 1843 668 1871 reversus
698 1843 870 1871 scenam
901 1842 1079 1870 vacuam
1109 1827 1298 1881 invenit,
1331 1826 1505 1869 delusus
1536 1826 1708 1869 vafritia

289 1903 536 1959 Euripidis,
585 1904 658 1959 qui
700 1908 797 1958 post
841 1903 985 1945 crebra
1017 1902 1198 1944 artificia
1231 1902 1388 1955 victor,
1422 1901 1583 1957 gratias
1616 1901 1708 1957 agit

290 1980 473 2022 Hermae
507 1980 632 2022 DoliO
665 1980 714 2028 ὃς
742 1983 853 2021 ταυτὶ
882 1982 955 2031 μὲν
986 1979 1040 2021 ἕτι
1070 1977 1209 2026 καλῶς
1238 1983 1343 2019 ποιεῖ
1358 1978 1386 2013 ⁵·

348 2054 491 2096 Facile
522 2053 777 2110 perspicitur
810 2052 913 2108 quid
945 2051 1131 2093 comicus
1163 2050 1351 2092 ludendo
1383 2051 1451 2092 hic
1478 2050 1702 2105 vituperet.

291 2129 438 2172 Oeacis
483 2129 647 2171 scilicet
684 2128 793 2170 ratio
836 2126 1105 2170 nunciandae
1146 2126 1297 2168 mortis
1328 2125 1555 2180 fraternae,
1590 2125 1708 2168 Echo

291 2204 437 2259 λόγων
467 2202 653 2259 ἀντῳδὸς
684 2203 995 2258 ἐπικοκκάστρια
1016 2200 1046 2254 ⁶,
1096 2201 1199 2243 haec
1248 2205 1291 2243 et
1337 2200 1497 2243 Similia
1534 2201 1709 2243 inventa

291 2277 511 2320 callidiora
557 2292 684 2333 quam
729 2292 804 2332 pro
847 2277 1032 2332 tragicae
1078 2290 1227 2318 scenae
1271 2276 1483 2332 dignitate
1521 2277 1559 2318 ei
1592 2276 1708 2318 vide-

291 2353 457 2394 bantur.

496 2542 547 2574 2).

496 2602 568 2631 011.

394 2662 451 2692 Vs.
492 2662 701 2691 1056—1096
760 2661 931 2701 Euripides
966 2662 1026 2698 τὴν
1058 2661 1125 2701 ἠχὼ
1151 2661 1299 2702 εἱςὴγηγε
1326 2661 1587 2692 κακοσνέινηκνον
1612 2662 1646 2692 ἑν
1672 2665 1708 2702 rr)

337 2543 344 2562 ¹
393 2543 450 2573 VS.
475 2543 494 2573 9

336 2601 348 2620 ²
393 2602 450 2632 Vs.
482 2603 488 2631 l

337 2661 348 2680 ³

315 2720 489 2762 Χνόρωμιῖὃᾳ
517 2720 660 2758 (schah).

339 2782 348 2798 ⁴
395 2781 452 2811 Vs.
482 2780 570 2812 1162.

344 2847 350 2856 ’
396 2841 454 2869 Vs.
485 2841 573 2870 1202.

340 2905 350 2916 ⁴*
399 2900 456 2930 Vs.
487 2901 573 2929 1055).
