1956 3346
929 198 979 229 (γ)

930 225 937 235 ι
957 223 981 234 ω

242 335 325 362 non
371 332 528 374 paucos
567 318 697 359 etiam
734 316 927 358 mendico
966 316 1139 358 indutos
1179 317 1364 369 amictu,
1398 320 1445 357 ut
1485 316 1668 357 eundem

241 409 366 450 quem
403 393 527 435 modo
563 391 783 433 nominavi
815 391 1074 446 Telephum3
1110 391 1224 432 hune
1259 406 1401 433 revera
1440 391 1500 433 itu
1536 391 1668 433 fuisse

241 471 498 512 adornatum
543 471 591 508 ut
620 467 663 507 in
701 465 1047 507 Acharnensium
1082 465 1175 507 loco
1207 465 1514 508 festivissimo¹
1552 466 1667 507 vide-

239 685 372 714 domum
397 683 550 721 deorum,
575 682 826 714 substitueretur
851 682 1044 712 scarabaeus
1068 679 1290 721 σκατοφάγος.
1319 678 1434 710 Multis
1458 680 1558 710 etiam
1591 679 1666 711 locis

240 744 412 783 Trygaeus
436 741 699 783 Bellerophontis
723 741 824 772 verba
847 739 1002 782 παρῳδεῖ.
1047 739 1109 770 Vs.
1136 739 1197 770 146
1219 748 1289 780 sqq.
1312 738 1373 769 hoc
1396 738 1556 779 legimus:

581 801 683 832 ἐκεῖνο
707 800 811 841 τήρει,
836 800 881 841 μὴ
905 799 1040 840 σφαλεὶς
1063 799 1252 839 καταρρυῇς

583 864 750 903 ἐντεῦθεν,
773 865 841 895 εἶτα
865 863 975 904 χωλὸς
999 862 1046 893 ὢν
1070 861 1232 903 Εὐριπίδῃ

579 923 684 965 λόγον
708 923 893 964 παράσχῃς
918 922 973 953 καὶ
999 921 1167 963 τραγῳδία
1192 920 1281 962 γένῃ.

285 984 293 1003 ¹
318 984 475 1026 Lepidam
499 984 582 1014 hane
604 983 795 1024 particulam
811 981 996 1012 comoediae
1009 981 1229 1021 Aristophane
1243 979 1456 1021 dignissimae
1471 979 1667 1020 subjungere

234 1045 342 1085 juvat.
395 1043 618 1084 Dicaeopolis,
640 1042 721 1073 civis
746 1041 978 1078 Atheniensis,
1004 1046 1193 1081 postquam,
1215 1039 1292 1070 belli
1309 1046 1493 1080 pertaesus,
1510 1039 1665 1079 privatim

237 1113 352 1145 pacem
373 1113 449 1134 cum
471 1101 738 1134 Lacedaemoniis
761 1100 848 1136 iniit,
873 1099 993 1140 repetit
1015 1109 1109 1130 suum
1134 1098 1289 1136 fundum;
1314 1098 1360 1129 ibi
1384 1108 1462 1129 vero
1487 1098 1601 1129 incidit
1632 1098 1666 1128 in

238 1162 410 1194 bellicosos
434 1161 598 1203 δημότας,
622 1160 680 1201 qui
702 1159 731 1190 ei
756 1164 899 1190 mortem
922 1158 1090 1189 minantur
1114 1158 1201 1198 quod
1224 1166 1297 1187 cum
1320 1156 1465 1187 hostibus
1488 1163 1601 1197 pactus
1616 1157 1667 1188 sit.

239 1222 278 1252 In
311 1229 441 1252 summo
470 1219 614 1260 periculo
643 1229 702 1260 pro
725 1228 760 1250 se
783 1218 946 1256 dicturus,
971 1218 1061 1258 prius
1088 1217 1156 1248 adit
1179 1216 1372 1256 Euripidem
1398 1216 1461 1256 (vs.
1485 1217 1549 1248 394
1572 1216 1666 1257 sqq.),

238 1290 257 1311 a
280 1290 343 1321 quo
366 1279 425 1310 sibi
448 1278 576 1320 flagitat
600 1279 757 1310 vestitum
780 1277 982 1309 miserationi
1006 1277 1185 1307 movendae
1212 1285 1309 1316 quam
1338 1276 1483 1307 maxime
1511 1275 1666 1307 idoneum

239 1342 300 1380 (vs.
326 1341 390 1371 410
414 1340 513 1380 sqq.):

282 1400 359 1431 Die.
405 1397 598 1438 Euripides!

282 1459 365 1489 Eur.
404 1457 491 1497 Quid
514 1457 653 1488 clamas?

282 1519 359 1549 Dic.
404 1517 626 1549 Sublimisne*
661 1517 774 1547 drama
796 1515 977 1556 componis,
1011 1524 1084 1544 cuni
1114 1514 1210 1545 liceat
1238 1514 1271 1544 in
1296 1513 1398 1545 solido
1428 1513 1546 1545 fundo?
1590 1514 1664 1546 Non

238 1578 358 1608 mirum
380 1576 514 1607 claudos
537 1580 569 1606 te
593 1575 698 1606 facere
722 1574 859 1605 heroas!
907 1573 975 1605 Cur
1001 1582 1078 1603 vero
1101 1572 1201 1603 habes
1224 1582 1347 1613 pannos
1377 1572 1537 1612 tragicos,
1569 1573 1662 1604 mise-

237 1636 354 1667 rabiles
386 1640 507 1672 vestes,
527 1633 626 1674 juxta
649 1640 680 1664 te
698 1632 868 1672 jacentes?
913 1632 988 1663 Non
1016 1631 1135 1662 mirum
1158 1632 1324 1662 mendicos
1349 1636 1380 1662 te
1404 1630 1509 1662 facere
1533 1631 1664 1663 heroas!

238 1695 286 1725 At
308 1703 365 1734 per
388 1699 444 1723 tua
466 1702 574 1733 genua
596 1698 628 1723 te
650 1692 793 1723 obtestor
817 1691 1010 1731 Euripides,
1033 1691 1075 1720 da
1097 1690 1177 1721 mihi
1201 1700 1344 1731 pannum
1369 1699 1387 1720 e
1417 1690 1520 1721 veteri
1546 1689 1664 1720 fabula.

237 1753 324 1784 Nam
347 1753 386 1784 ad
409 1753 542 1783 chorum
568 1752 649 1782 mihi
674 1751 774 1791 longa
796 1756 847 1782 est
870 1750 976 1781 oratio
999 1749 1164 1787 habenda,
1195 1759 1300 1790 poena
1325 1759 1404 1781 vero
1427 1759 1491 1780 non
1515 1750 1663 1790 probabi>

237 1812 311 1842 liter
333 1813 452 1843 dicenti
474 1811 652 1842 constituta
676 1816 724 1841 est
747 1819 845 1841 mors.

284 1871 367 1903 Eum.
406 1871 440 1903 Si
463 1870 553 1911 cupis
577 1870 697 1910 aliquid
722 1868 811 1900 scissi
837 1874 870 1900 et
883 1868 1022 1905 sordidi,
1048 1868 1138 1898 visne
1163 1868 1316 1899 amictum
1333 1877 1397 1908 quo
1410 1868 1551 1907 Oeneus,
1563 1878 1666 1900 senex

238 1931 472 1967 infortunatus,
495 1934 565 1961 erat
588 1930 740 1960 indutus?

282 1991 359 2021 Dic.
404 1991 479 2022 Non
504 1989 623 2026 Oenei,
646 1990 701 2020 sed
726 1989 826 2020 etiam
850 1988 1038 2019 miserioris.

283 2050 367 2081 Eur.
405 2048 503 2081 Caeci
527 2048 700 2080 Phoenicis
725 2047 850 2089 igitur?

283 2109 360 2140 Die.
408 2109 478 2140 Nee
500 2107 689 2145 Phoenicis,
714 2107 771 2138 sed
793 2107 876 2138 alius
899 2112 966 2144 est,
989 2106 1155 2138 Phoenice
1178 2106 1335 2138 miserior.

286 2167 367 2198 Eur.
403 2167 494 2206 Quas
516 2167 646 2197 tandem
671 2166 783 2197 sordes
807 2166 905 2196 homo
927 2165 1092 2205 postulat?
1118 2164 1254 2196 Dicisne
1279 2174 1331 2196 eas
1356 2175 1434 2207 quas
1458 2165 1559 2205 gessit
1587 2165 1661 2196 Phi-

240 2227 375 2259 loctetes
398 2225 587 2257 mendicus?

285 2287 361 2317 Dae.
407 2286 512 2317 Immo
535 2285 595 2316 hoc
619 2285 716 2326 longe
739 2285 932 2326 egentioris.

284 2347 369 2378 Eur.
406 2346 509 2377 Visne
531 2355 610 2385 ergo
633 2344 797 2385 squalores
826 2345 943 2385 quibus
966 2344 1102 2375 claudus
1127 2344 1347 2384 Bellerophon
1371 2349 1441 2375 erat
1463 2346 1586 2374 tectus?

285 2407 361 2437 Dic.
407 2406 481 2437 Non
516 2404 613 2435 saciet
636 2403 873 2445 Bellerophon,
897 2404 958 2435 etsi
983 2404 1036 2435 ille
1059 2414 1188 2445 quoque
1216 2410 1286 2435 erat
1315 2404 1463 2441 claudus,
1487 2403 1663 2436 mendicus.

241 2466 372 2505 loquax,
397 2464 577 2494 indefessus
601 2469 721 2494 orator.

288 2524 371 2554 Eur.
409 2522 524 2554 Habeo
548 2522 655 2553 virum
679 2531 743 2562 quo
767 2522 912 2563 indiges,
937 2523 1071 2563 Mysum
1095 2522 1292 2563 Telephum.

291 2585 362 2614 Hie.
407 2584 482 2614 Acu
505 2581 655 2622 tetigisti:
680 2582 819 2621 Telephi
843 2592 962 2622 quaeso
985 2583 1026 2613 da.
1049 2582 1129 2612 milii
1154 2583 1260 2613 lacera
1284 2583 1440 2622 tegmina.

291 2643 369 2675 Mur.
408 2643 512 2678 Puer,
537 2641 577 2672 da
600 2641 645 2671 illi
669 2641 807 2681 Telephi
832 2651 972 2681 panuos;
992 2640 1103 2680 jacent
1126 2648 1235 2672 autem
1259 2652 1356 2681 supra
1371 2641 1662 2682 '1‘11yesteos,inter

242 2711 296 2732 cos
319 2711 398 2742 quos
420 2701 521 2741 gessit
544 2701 614 2732 Ino.
644 2718 679 2722 —
703 2701 755 2731 En
778 2701 898 2740 accipe.

292 2762 364 2791 [liv.
412 2760 440 2793 O
463 2760 597 2801 Jupiter
619 2759 818 2796 omnitucns,
846 2761 889 2791 ita
913 2760 959 2791 sac.
983 2762 1132 2797 adorncr,
1158 2767 1191 2791 ut
1216 2771 1309 2801 qutun
1328 2761 1527 2791 miserrimus
1541 2760 1661 2790 videar.

248 2822 433 2862 Euripides,
456 2821 604 2861 quoniam
630 2820 783 2850 hacteuus
810 2821 888 2850 milii
914 2822 1129 2861 morigeratus
1152 2831 1201 2853 es.
1223 2831 1261 2850 ue
1277 2829 1409 2850 munera
1428 2826 1481 2849 ιιι-,ι
1500 2819 1661 2857 relinqua>⁴

281 2898 290 2907 '
313 2898 349 2919 Dc
369 2898 418 2920 lim·
438 2903 514 2920 versu
533 2897 594 2924 quid
614 2897 728 2920 sunum„
749 2898 852 2919 mic-iuli
872 2903 949 2925 sul-:u
971 2903 1031 2925 pau⁴
1055 2897 1098 2924 Ἧι,
1118 2897 1179 2919 will.
1202 2895 1224 2919 l.
