<?xml version="1.0" encoding="UTF-8"?>
<!DOCTYPE html PUBLIC "-//W3C//DTD XHTML 1.0 Transitional//EN"
    "http://www.w3.org/TR/xhtml1/DTD/xhtml1-transitional.dtd">
<html xmlns="http://www.w3.org/1999/xhtml" xml:lang="en" lang="en">
 <head>
  <title>
</title>
<meta http-equiv="Content-Type" content="text/html;charset=utf-8" />
  <meta name='ocr-system' content='tesseract 3.04.00' />
  <meta name='ocr-capabilities' content='ocr_page ocr_carea ocr_par ocr_line ocrx_word'/>
</head>
<body>
  <div class='ocr_page' id='page_1' title='image "./dearistophaneeur00leeuuoft_0122.png"; bbox 0 0 1956 3346; ppageno 0'>
   <div class='ocr_carea' id='block_1_1' title="bbox 941 206 1020 244">
    <p class='ocr_par' dir='ltr' id='par_1_1' title="bbox 941 206 1020 244">
     <span class='ocr_line' id='line_1_1' title="bbox 941 206 1020 244; baseline -0.051 0"><span class='ocrx_word' id='word_1_1' title='bbox 941 206 1020 244; x_wconf 74' lang='lat'>110</span> 
     </span>
    </p>
   </div>
   <div class='ocr_carea' id='block_1_2' title="bbox 261 326 1693 2027">
    <p class='ocr_par' dir='ltr' id='par_1_2' title="bbox 261 326 1693 2027">
     <span class='ocr_line' id='line_1_2' title="bbox 328 326 1676 380; baseline -0.004 -8"><span class='ocrx_word' id='word_1_2' title='bbox 328 331 390 373; x_wconf 85' lang='lat' dir='ltr'>De</span> <span class='ocrx_word' id='word_1_3' title='bbox 438 331 502 371; x_wconf 83' lang='lat' dir='ltr'>his</span> <span class='ocrx_word' id='word_1_4' title='bbox 559 334 701 370; x_wconf 86' lang='lat' dir='ltr'>tamen</span> <span class='ocrx_word' id='word_1_5' title='bbox 752 331 853 370; x_wconf 90' lang='lat' dir='ltr'>tunc</span> <span class='ocrx_word' id='word_1_6' title='bbox 893 327 1065 368; x_wconf 90' lang='lat' dir='ltr'>demum</span> <span class='ocrx_word' id='word_1_7' title='bbox 1099 340 1319 380; x_wconf 81' lang='lat' dir='ltr'>possemus</span> <span class='ocrx_word' id='word_1_8' title='bbox 1356 326 1462 367; x_wconf 88' lang='lat' dir='ltr'>ferre</span> <span class='ocrx_word' id='word_1_9' title='bbox 1496 339 1676 380; x_wconf 85' lang='lat' dir='ltr'>aequum</span> 
     </span>
     <span class='ocr_line' id='line_1_3' title="bbox 261 401 1678 461; baseline -0.005 -13"><span class='ocrx_word' id='word_1_10' title='bbox 261 406 498 461; x_wconf 89' lang='lat' dir='ltr'>judicium,</span> <span class='ocrx_word' id='word_1_11' title='bbox 548 405 583 445; x_wconf 88' lang='lat' dir='ltr'>si</span> <span class='ocrx_word' id='word_1_12' title='bbox 631 404 773 444; x_wconf 87' lang='lat' dir='ltr'>minus</span> <span class='ocrx_word' id='word_1_13' title='bbox 822 402 959 457; x_wconf 81' lang='lat' dir='ltr'>ignari</span> <span class='ocrx_word' id='word_1_14' title='bbox 1006 415 1194 443; x_wconf 79' lang='lat' dir='ltr'>essemus</span> <span class='ocrx_word' id='word_1_15' title='bbox 1236 401 1456 442; x_wconf 90' lang='lat' dir='ltr'>modorum</span> <span class='ocrx_word' id='word_1_16' title='bbox 1491 401 1543 442; x_wconf 83' lang='lat' dir='ltr'>ad</span> <span class='ocrx_word' id='word_1_17' title='bbox 1574 414 1678 455; x_wconf 87' lang='lat' dir='ltr'>quos</span> 
     </span>
     <span class='ocr_line' id='line_1_4' title="bbox 268 474 1679 535; baseline -0.006 -13"><span class='ocrx_word' id='word_1_18' title='bbox 268 481 358 535; x_wconf 90' lang='lat' dir='ltr'>ejus</span> <span class='ocrx_word' id='word_1_19' title='bbox 409 479 597 521; x_wconf 83' lang='lat' dir='ltr'>carmina</span> <span class='ocrx_word' id='word_1_20' title='bbox 641 481 901 519; x_wconf 78' lang='lat' dir='ltr'>canerentur.</span> <span class='ocrx_word' id='word_1_21' title='bbox 968 475 1064 516; x_wconf 90' lang='lat' dir='ltr'>Non</span> <span class='ocrx_word' id='word_1_22' title='bbox 1114 475 1228 516; x_wconf 89' lang='lat' dir='ltr'>enim</span> <span class='ocrx_word' id='word_1_23' title='bbox 1258 474 1541 516; x_wconf 83' lang='lat' dir='ltr'>dubitandum</span> <span class='ocrx_word' id='word_1_24' title='bbox 1574 474 1679 515; x_wconf 86' lang='lat' dir='ltr'>mihi</span> 
     </span>
     <span class='ocr_line' id='line_1_5' title="bbox 269 549 1680 609; baseline -0.005 -12"><span class='ocrx_word' id='word_1_25' title='bbox 269 556 435 597; x_wconf 83' lang='lat' dir='ltr'>videtur</span> <span class='ocrx_word' id='word_1_26' title='bbox 466 554 569 609; x_wconf 91' lang='lat' dir='ltr'>quin</span> <span class='ocrx_word' id='word_1_27' title='bbox 606 565 658 594; x_wconf 82' lang='lat' dir='ltr'>ex</span> <span class='ocrx_word' id='word_1_28' title='bbox 692 565 836 594; x_wconf 89' lang='lat' dir='ltr'>recens</span> <span class='ocrx_word' id='word_1_29' title='bbox 867 549 1045 592; x_wconf 87' lang='lat' dir='ltr'>mutatis</span> <span class='ocrx_word' id='word_1_30' title='bbox 1083 550 1249 605; x_wconf 85' lang='lat' dir='ltr'>legibus</span> <span class='ocrx_word' id='word_1_31' title='bbox 1271 550 1446 591; x_wconf 85' lang='lat' dir='ltr'>musicis</span> <span class='ocrx_word' id='word_1_32' title='bbox 1464 550 1680 604; x_wconf 80' lang='lat' dir='ltr'>explican-</span> 
     </span>
     <span class='ocr_line' id='line_1_6' title="bbox 268 624 1675 684; baseline -0.005 -13"><span class='ocrx_word' id='word_1_33' title='bbox 268 632 370 672; x_wconf 85' lang='lat' dir='ltr'>dum</span> <span class='ocrx_word' id='word_1_34' title='bbox 403 630 460 671; x_wconf 94' lang='lat' dir='ltr'>sit</span> <span class='ocrx_word' id='word_1_35' title='bbox 490 627 693 684; x_wconf 89' lang='lat' dir='ltr'>quicquid</span> <span class='ocrx_word' id='word_1_36' title='bbox 725 626 951 681; x_wconf 87' lang='lat' dir='ltr'>Euripides</span> <span class='ocrx_word' id='word_1_37' title='bbox 985 625 1029 666; x_wconf 89' lang='lat' dir='ltr'>in</span> <span class='ocrx_word' id='word_1_38' title='bbox 1062 624 1209 666; x_wconf 89' lang='lat' dir='ltr'>metris</span> <span class='ocrx_word' id='word_1_39' title='bbox 1242 624 1419 665; x_wconf 89' lang='lat' dir='ltr'>molitus</span> <span class='ocrx_word' id='word_1_40' title='bbox 1442 629 1508 665; x_wconf 90' lang='lat' dir='ltr'>est</span> <span class='ocrx_word' id='word_1_41' title='bbox 1529 624 1628 665; x_wconf 88' lang='lat' dir='ltr'>novi</span> <span class='ocrx_word' id='word_1_42' title='bbox 1651 624 1675 664; x_wconf 93' lang='lat'>¹.</span> 
     </span>
     <span class='ocr_line' id='line_1_7' title="bbox 272 698 1679 753; baseline -0.005 -8"><span class='ocrx_word' id='word_1_43' title='bbox 272 705 340 746; x_wconf 84' lang='lat' dir='ltr'>Sic</span> <span class='ocrx_word' id='word_1_44' title='bbox 372 708 515 745; x_wconf 89' lang='lat' dir='ltr'>autem</span> <span class='ocrx_word' id='word_1_45' title='bbox 548 702 725 744; x_wconf 83' lang='lat' dir='ltr'>devenio</span> <span class='ocrx_word' id='word_1_46' title='bbox 757 701 802 742; x_wconf 89' lang='lat' dir='ltr'>in</span> <span class='ocrx_word' id='word_1_47' title='bbox 835 705 990 742; x_wconf 87' lang='lat' dir='ltr'>terram</span> <span class='ocrx_word' id='word_1_48' title='bbox 1023 699 1280 741; x_wconf 87' lang='lat' dir='ltr'>salebrosam</span> <span class='ocrx_word' id='word_1_49' title='bbox 1314 703 1358 741; x_wconf 89' lang='lat' dir='ltr'>et</span> <span class='ocrx_word' id='word_1_50' title='bbox 1379 698 1679 753; x_wconf 82' lang='lat' dir='ltr'>caliginosam,</span> 
     </span>
     <span class='ocr_line' id='line_1_8' title="bbox 270 771 1683 832; baseline -0.004 -14"><span class='ocrx_word' id='word_1_51' title='bbox 270 792 344 832; x_wconf 86' lang='lat' dir='ltr'>per</span> <span class='ocrx_word' id='word_1_52' title='bbox 374 776 494 831; x_wconf 91' lang='lat' dir='ltr'>cujus</span> <span class='ocrx_word' id='word_1_53' title='bbox 528 776 702 818; x_wconf 83' lang='lat' dir='ltr'>semitas</span> <span class='ocrx_word' id='word_1_54' title='bbox 734 789 886 830; x_wconf 87' lang='lat' dir='ltr'>parum</span> <span class='ocrx_word' id='word_1_55' title='bbox 918 773 1102 816; x_wconf 84' lang='lat' dir='ltr'>calcatas</span> <span class='ocrx_word' id='word_1_56' title='bbox 1135 787 1213 828; x_wconf 85' lang='lat' dir='ltr'>ego</span> <span class='ocrx_word' id='word_1_57' title='bbox 1245 772 1429 827; x_wconf 83' lang='lat' dir='ltr'>vestigia</span> <span class='ocrx_word' id='word_1_58' title='bbox 1458 771 1566 814; x_wconf 86' lang='lat' dir='ltr'>ferre</span> <span class='ocrx_word' id='word_1_59' title='bbox 1597 786 1683 813; x_wconf 86' lang='lat' dir='ltr'>non</span> 
     </span>
     <span class='ocr_line' id='line_1_9' title="bbox 270 846 1683 905; baseline -0.004 -11"><span class='ocrx_word' id='word_1_60' title='bbox 270 852 463 894; x_wconf 88' lang='lat' dir='ltr'>conabor.</span> <span class='ocrx_word' id='word_1_61' title='bbox 500 851 565 893; x_wconf 92' lang='lat' dir='ltr'>De</span> <span class='ocrx_word' id='word_1_62' title='bbox 595 865 639 892; x_wconf 88' lang='lat' dir='ltr'>re</span> <span class='ocrx_word' id='word_1_63' title='bbox 671 850 797 905; x_wconf 87' lang='lat' dir='ltr'>longe</span> <span class='ocrx_word' id='word_1_64' title='bbox 829 848 1133 890; x_wconf 86' lang='lat' dir='ltr'>obscurissima</span> <span class='ocrx_word' id='word_1_65' title='bbox 1165 853 1303 889; x_wconf 88' lang='lat' dir='ltr'>tacere</span> <span class='ocrx_word' id='word_1_66' title='bbox 1334 861 1462 902; x_wconf 89' lang='lat' dir='ltr'>quam</span> <span class='ocrx_word' id='word_1_67' title='bbox 1487 846 1683 902; x_wconf 89' lang='lat' dir='ltr'>imperite</span> 
     </span>
     <span class='ocr_line' id='line_1_10' title="bbox 271 923 1684 983; baseline -0.004 -14"><span class='ocrx_word' id='word_1_68' title='bbox 271 928 388 983; x_wconf 87' lang='lat' dir='ltr'>loqui</span> <span class='ocrx_word' id='word_1_69' title='bbox 435 927 569 968; x_wconf 88' lang='lat' dir='ltr'>satius</span> <span class='ocrx_word' id='word_1_70' title='bbox 620 926 755 978; x_wconf 90' lang='lat' dir='ltr'>duco,</span> <span class='ocrx_word' id='word_1_71' title='bbox 799 939 884 966; x_wconf 91' lang='lat' dir='ltr'>non</span> <span class='ocrx_word' id='word_1_72' title='bbox 931 923 1182 977; x_wconf 85' lang='lat' dir='ltr'>difficulter,</span> <span class='ocrx_word' id='word_1_73' title='bbox 1232 928 1279 964; x_wconf 93' lang='lat' dir='ltr'>ut</span> <span class='ocrx_word' id='word_1_74' title='bbox 1327 937 1469 978; x_wconf 85' lang='lat' dir='ltr'>spero,</span> <span class='ocrx_word' id='word_1_75' title='bbox 1514 923 1684 964; x_wconf 85' lang='lat' dir='ltr'>veniam</span> 
     </span>
     <span class='ocr_line' id='line_1_11' title="bbox 272 985 1685 1058; baseline -0.004 -14"><span class='ocrx_word' id='word_1_76' title='bbox 272 1004 603 1058; x_wconf 77' lang='lat' dir='ltr'>impetraturus,</span> <span class='ocrx_word' id='word_1_77' title='bbox 656 1001 691 1043; x_wconf 92' lang='lat' dir='ltr'>si</span> <span class='ocrx_word' id='word_1_78' title='bbox 738 1014 880 1042; x_wconf 87' lang='lat' dir='ltr'>meum</span> <span class='ocrx_word' id='word_1_79' title='bbox 928 999 1172 1040; x_wconf 87' lang='lat' dir='ltr'>tirocinium</span> <span class='ocrx_word' id='word_1_80' title='bbox 1220 998 1439 1040; x_wconf 83' lang='lat' dir='ltr'>materiem</span> <span class='ocrx_word' id='word_1_81' title='bbox 1473 985 1685 1053; x_wconf 86' lang='lat' dir='ltr'>suscipere</span> 
     </span>
     <span class='ocr_line' id='line_1_12' title="bbox 272 1072 1686 1131; baseline -0.004 -11"><span class='ocrx_word' id='word_1_82' title='bbox 272 1084 461 1131; x_wconf 86' lang='lat' dir='ltr'>veretur,</span> <span class='ocrx_word' id='word_1_83' title='bbox 495 1077 549 1118; x_wconf 85' lang='lat' dir='ltr'>ad</span> <span class='ocrx_word' id='word_1_84' title='bbox 582 1090 709 1131; x_wconf 85' lang='lat' dir='ltr'>quam</span> <span class='ocrx_word' id='word_1_85' title='bbox 740 1075 847 1116; x_wconf 89' lang='lat' dir='ltr'>bene</span> <span class='ocrx_word' id='word_1_86' title='bbox 880 1074 1146 1116; x_wconf 86' lang='lat' dir='ltr'>tractandam</span> <span class='ocrx_word' id='word_1_87' title='bbox 1178 1073 1250 1115; x_wconf 82' lang='lat' dir='ltr'>vix</span> <span class='ocrx_word' id='word_1_88' title='bbox 1281 1077 1323 1115; x_wconf 93' lang='lat' dir='ltr'>et</span> <span class='ocrx_word' id='word_1_89' title='bbox 1354 1088 1407 1115; x_wconf 90' lang='lat' dir='ltr'>ne</span> <span class='ocrx_word' id='word_1_90' title='bbox 1423 1073 1495 1114; x_wconf 83' lang='lat' dir='ltr'>vix</span> <span class='ocrx_word' id='word_1_91' title='bbox 1513 1072 1686 1129; x_wconf 88' lang='lat' dir='ltr'>quidem</span> 
     </span>
     <span class='ocr_line' id='line_1_13' title="bbox 274 1148 1684 1203; baseline -0.005 -8"><span class='ocrx_word' id='word_1_92' title='bbox 274 1167 443 1196; x_wconf 89' lang='lat' dir='ltr'>summa</span> <span class='ocrx_word' id='word_1_93' title='bbox 473 1151 653 1193; x_wconf 73' lang='lat' dir='ltr'>eruditio</span> <span class='ocrx_word' id='word_1_94' title='bbox 687 1150 883 1192; x_wconf 86' lang='lat' dir='ltr'>sufficiat.</span> <span class='ocrx_word' id='word_1_95' title='bbox 920 1149 1068 1191; x_wconf 90' lang='lat' dir='ltr'>Unum</span> <span class='ocrx_word' id='word_1_96' title='bbox 1083 1148 1216 1190; x_wconf 90' lang='lat' dir='ltr'>habeo</span> <span class='ocrx_word' id='word_1_97' title='bbox 1233 1148 1344 1203; x_wconf 89' lang='lat' dir='ltr'>quod</span> <span class='ocrx_word' id='word_1_98' title='bbox 1360 1148 1429 1190; x_wconf 92' lang='lat' dir='ltr'>hic</span> <span class='ocrx_word' id='word_1_99' title='bbox 1450 1148 1684 1200; x_wconf 89' lang='lat' dir='ltr'>observem,</span> 
     </span>
     <span class='ocr_line' id='line_1_14' title="bbox 274 1221 1687 1281; baseline -0.006 -11"><span class='ocrx_word' id='word_1_100' title='bbox 274 1227 607 1281; x_wconf 83' lang='lat' dir='ltr'>Aristophanem</span> <span class='ocrx_word' id='word_1_101' title='bbox 654 1239 738 1267; x_wconf 91' lang='lat' dir='ltr'>non</span> <span class='ocrx_word' id='word_1_102' title='bbox 784 1224 993 1266; x_wconf 84' lang='lat' dir='ltr'>minorem</span> <span class='ocrx_word' id='word_1_103' title='bbox 1040 1224 1126 1265; x_wconf 90' lang='lat' dir='ltr'>vim</span> <span class='ocrx_word' id='word_1_104' title='bbox 1179 1223 1379 1265; x_wconf 85' lang='lat' dir='ltr'>tribuisse</span> <span class='ocrx_word' id='word_1_105' title='bbox 1423 1222 1610 1264; x_wconf 84' lang='lat' dir='ltr'>musicae</span> <span class='ocrx_word' id='word_1_106' title='bbox 1642 1221 1687 1261; x_wconf 94' lang='lat' dir='ltr'>in</span> 
     </span>
     <span class='ocr_line' id='line_1_15' title="bbox 275 1294 1688 1355; baseline -0.006 -11"><span class='ocrx_word' id='word_1_107' title='bbox 275 1302 439 1344; x_wconf 86' lang='lat' dir='ltr'>civibus</span> <span class='ocrx_word' id='word_1_108' title='bbox 486 1301 717 1343; x_wconf 80' lang='lat' dir='ltr'>educandis</span> <span class='ocrx_word' id='word_1_109' title='bbox 765 1314 892 1355; x_wconf 88' lang='lat' dir='ltr'>quam</span> <span class='ocrx_word' id='word_1_110' title='bbox 926 1299 1176 1352; x_wconf 85' lang='lat' dir='ltr'>Platonem,</span> <span class='ocrx_word' id='word_1_111' title='bbox 1211 1298 1283 1353; x_wconf 91' lang='lat' dir='ltr'>qui</span> <span class='ocrx_word' id='word_1_112' title='bbox 1315 1297 1500 1352; x_wconf 84' lang='lat' dir='ltr'>negabat</span> <span class='ocrx_word' id='word_1_113' title='bbox 1530 1294 1688 1337; x_wconf 87' lang='lat' dir='ltr'>mutari</span> 
     </span>
     <span class='ocr_line' id='line_1_16' title="bbox 276 1371 1684 1433; baseline -0.005 -14"><span class='ocrx_word' id='word_1_114' title='bbox 276 1391 400 1433; x_wconf 89' lang='lat' dir='ltr'>posse</span> <span class='ocrx_word' id='word_1_115' title='bbox 444 1377 627 1417; x_wconf 87' lang='lat' dir='ltr'>musicas</span> <span class='ocrx_word' id='word_1_116' title='bbox 659 1375 774 1430; x_wconf 82' lang='lat' dir='ltr'>leges</span> <span class='ocrx_word' id='word_1_117' title='bbox 810 1374 902 1416; x_wconf 90' lang='lat' dir='ltr'>sine</span> <span class='ocrx_word' id='word_1_118' title='bbox 932 1373 1170 1415; x_wconf 86' lang='lat' dir='ltr'>mutatione</span> <span class='ocrx_word' id='word_1_119' title='bbox 1198 1372 1343 1428; x_wconf 83' lang='lat' dir='ltr'>legum</span> <span class='ocrx_word' id='word_1_120' title='bbox 1374 1371 1639 1426; x_wconf 86' lang='lat' dir='ltr'>publicarum</span> <span class='ocrx_word' id='word_1_121' title='bbox 1656 1375 1684 1411; x_wconf 68' lang='lat'>2‘.</span> 
     </span>
     <span class='ocr_line' id='line_1_17' title="bbox 279 1446 1689 1506; baseline -0.006 -12"><span class='ocrx_word' id='word_1_122' title='bbox 279 1453 393 1495; x_wconf 88' lang='lat' dir='ltr'>Bene</span> <span class='ocrx_word' id='word_1_123' title='bbox 424 1452 502 1494; x_wconf 88' lang='lat' dir='ltr'>hoc</span> <span class='ocrx_word' id='word_1_124' title='bbox 533 1451 670 1506; x_wconf 88' lang='lat' dir='ltr'>liquet</span> <span class='ocrx_word' id='word_1_125' title='bbox 700 1465 753 1493; x_wconf 83' lang='lat' dir='ltr'>ex</span> <span class='ocrx_word' id='word_1_126' title='bbox 783 1449 997 1505; x_wconf 88' lang='lat' dir='ltr'>praeclara</span> <span class='ocrx_word' id='word_1_127' title='bbox 1027 1449 1103 1490; x_wconf 86' lang='lat' dir='ltr'>illa</span> <span class='ocrx_word' id='word_1_128' title='bbox 1129 1447 1248 1490; x_wconf 81' lang='lat' dir='ltr'>Justi</span> <span class='ocrx_word' id='word_1_129' title='bbox 1273 1447 1407 1502; x_wconf 79' lang='grc' dir='ltr'>λόγου</span> <span class='ocrx_word' id='word_1_130' title='bbox 1430 1446 1619 1489; x_wconf 86' lang='lat' dir='ltr'>oratione</span> <span class='ocrx_word' id='word_1_131' title='bbox 1644 1446 1689 1486; x_wconf 90' lang='lat' dir='ltr'>in</span> 
     </span>
     <span class='ocr_line' id='line_1_18' title="bbox 278 1521 1688 1580; baseline -0.005 -11"><span class='ocrx_word' id='word_1_132' title='bbox 278 1527 469 1569; x_wconf 88' lang='lat' dir='ltr'>Nubium</span> <span class='ocrx_word' id='word_1_133' title='bbox 500 1526 671 1580; x_wconf 89' lang='lat' dir='ltr'>fabula,</span> <span class='ocrx_word' id='word_1_134' title='bbox 706 1525 780 1567; x_wconf 86' lang='lat' dir='ltr'>ubi</span> <span class='ocrx_word' id='word_1_135' title='bbox 811 1525 921 1566; x_wconf 89' lang='lat' dir='ltr'>inter</span> <span class='ocrx_word' id='word_1_136' title='bbox 937 1539 985 1566; x_wconf 89' lang='lat' dir='ltr'>ea</span> <span class='ocrx_word' id='word_1_137' title='bbox 1002 1524 1155 1579; x_wconf 89' lang='lat' dir='ltr'>quibus</span> <span class='ocrx_word' id='word_1_138' title='bbox 1176 1522 1449 1578; x_wconf 88' lang='lat' dir='ltr'>antiquorum</span> <span class='ocrx_word' id='word_1_139' title='bbox 1466 1521 1688 1563; x_wconf 91' lang='lat' dir='ltr'>hominum</span> 
     </span>
     <span class='ocr_line' id='line_1_19' title="bbox 278 1595 1689 1656; baseline -0.006 -12"><span class='ocrx_word' id='word_1_140' title='bbox 278 1602 471 1645; x_wconf 86' lang='lat' dir='ltr'>educatio</span> <span class='ocrx_word' id='word_1_141' title='bbox 517 1600 761 1656; x_wconf 86' lang='lat' dir='ltr'>praestabat</span> <span class='ocrx_word' id='word_1_142' title='bbox 810 1599 993 1652; x_wconf 86' lang='lat' dir='ltr'>recenti,</span> <span class='ocrx_word' id='word_1_143' title='bbox 1042 1598 1171 1639; x_wconf 84' lang='lat' dir='ltr'>etiam</span> <span class='ocrx_word' id='word_1_144' title='bbox 1217 1597 1381 1638; x_wconf 88' lang='lat' dir='ltr'>musica</span> <span class='ocrx_word' id='word_1_145' title='bbox 1411 1595 1689 1638; x_wconf 88' lang='lat' dir='ltr'>severioribus</span> 
     </span>
     <span class='ocr_line' id='line_1_20' title="bbox 279 1669 1690 1733; baseline -0.005 -14"><span class='ocrx_word' id='word_1_146' title='bbox 279 1677 437 1733; x_wconf 84' lang='lat' dir='ltr'>regulis</span> <span class='ocrx_word' id='word_1_147' title='bbox 492 1676 696 1718; x_wconf 84' lang='lat' dir='ltr'>adstricta</span> <span class='ocrx_word' id='word_1_148' title='bbox 748 1678 987 1717; x_wconf 88' lang='lat' dir='ltr'>recensetur</span> <span class='ocrx_word' id='word_1_149' title='bbox 1039 1673 1089 1722; x_wconf 80' lang='grc' dir='ltr'>ἣν</span> <span class='ocrx_word' id='word_1_150' title='bbox 1146 1675 1182 1714; x_wconf 83' lang='grc' dir='ltr'>οἱ</span> <span class='ocrx_word' id='word_1_151' title='bbox 1232 1676 1401 1727; x_wconf 75' lang='grc' dir='ltr'>πατέρες</span> <span class='ocrx_word' id='word_1_152' title='bbox 1451 1669 1690 1727; x_wconf 77' lang='grc' dir='ltr'>παρέδωκαν</span> 
     </span>
     <span class='ocr_line' id='line_1_21' title="bbox 281 1747 1692 1807; baseline -0.006 -13"><span class='ocrx_word' id='word_1_153' title='bbox 281 1754 360 1807; x_wconf 84' lang='lat' dir='ltr'>(vs.</span> <span class='ocrx_word' id='word_1_154' title='bbox 413 1752 495 1793; x_wconf 88' lang='grc'>969</span> <span class='ocrx_word' id='word_1_155' title='bbox 545 1754 682 1806; x_wconf 89' lang='lat' dir='ltr'>sqq.),</span> <span class='ocrx_word' id='word_1_156' title='bbox 715 1764 846 1805; x_wconf 89' lang='lat' dir='ltr'>quum</span> <span class='ocrx_word' id='word_1_157' title='bbox 879 1750 1069 1802; x_wconf 78' lang='grc' dir='ltr'>κάμπτειν</span> <span class='ocrx_word' id='word_1_158' title='bbox 1111 1747 1200 1789; x_wconf 86' lang='grc' dir='ltr'>τινὰ</span> <span class='ocrx_word' id='word_1_159' title='bbox 1244 1748 1403 1799; x_wconf 81' lang='grc' dir='ltr'>καμπὴν</span> <span class='ocrx_word' id='word_1_160' title='bbox 1433 1759 1518 1787; x_wconf 90' lang='lat' dir='ltr'>uno</span> <span class='ocrx_word' id='word_1_161' title='bbox 1549 1750 1692 1787; x_wconf 88' lang='lat' dir='ltr'>tenore</span> 
     </span>
     <span class='ocr_line' id='line_1_22' title="bbox 281 1820 1693 1880; baseline -0.005 -12"><span class='ocrx_word' id='word_1_162' title='bbox 281 1827 446 1869; x_wconf 86' lang='lat' dir='ltr'>dicatur</span> <span class='ocrx_word' id='word_1_163' title='bbox 477 1839 572 1867; x_wconf 89' lang='lat' dir='ltr'>cum</span> <span class='ocrx_word' id='word_1_164' title='bbox 605 1829 661 1880; x_wconf 69' lang='grc' dir='ltr'>τῷ</span> <span class='ocrx_word' id='word_1_165' title='bbox 695 1822 1077 1880; x_wconf 77' lang='grc' dir='ltr'>βωμολοχεύεσθαι.</span> <span class='ocrx_word' id='word_1_166' title='bbox 1136 1822 1272 1865; x_wconf 88' lang='lat' dir='ltr'>Unice</span> <span class='ocrx_word' id='word_1_167' title='bbox 1302 1822 1496 1877; x_wconf 89' lang='lat' dir='ltr'>placebat</span> <span class='ocrx_word' id='word_1_168' title='bbox 1533 1820 1693 1863; x_wconf 91' lang='lat' dir='ltr'>comico</span> 
     </span>
     <span class='ocr_line' id='line_1_23' title="bbox 283 1896 1692 1955; baseline -0.004 -12"><span class='ocrx_word' id='word_1_169' title='bbox 283 1901 464 1955; x_wconf 83' lang='lat' dir='ltr'>simplex</span> <span class='ocrx_word' id='word_1_170' title='bbox 498 1899 573 1940; x_wconf 88' lang='lat' dir='ltr'>illa</span> <span class='ocrx_word' id='word_1_171' title='bbox 604 1899 829 1940; x_wconf 85' lang='lat' dir='ltr'>austeritas</span> <span class='ocrx_word' id='word_1_172' title='bbox 872 1898 1107 1952; x_wconf 87' lang='lat' dir='ltr'>priscorum</span> <span class='ocrx_word' id='word_1_173' title='bbox 1141 1897 1385 1950; x_wconf 90' lang='lat' dir='ltr'>modorum,</span> <span class='ocrx_word' id='word_1_174' title='bbox 1421 1897 1493 1952; x_wconf 89' lang='lat' dir='ltr'>qui</span> <span class='ocrx_word' id='word_1_175' title='bbox 1525 1896 1692 1938; x_wconf 85' lang='lat' dir='ltr'>subser-</span> 
     </span>
     <span class='ocr_line' id='line_1_24' title="bbox 282 1972 1692 2027; baseline -0.003 -11"><span class='ocrx_word' id='word_1_176' title='bbox 282 1976 456 2018; x_wconf 86' lang='lat' dir='ltr'>viebant</span> <span class='ocrx_word' id='word_1_177' title='bbox 494 1973 731 2015; x_wconf 86' lang='lat' dir='ltr'>sententiae</span> <span class='ocrx_word' id='word_1_178' title='bbox 777 1987 912 2027; x_wconf 87' lang='lat' dir='ltr'>neque</span> <span class='ocrx_word' id='word_1_179' title='bbox 945 1973 1075 2014; x_wconf 90' lang='lat' dir='ltr'>alium</span> <span class='ocrx_word' id='word_1_180' title='bbox 1110 1972 1367 2026; x_wconf 84' lang='lat' dir='ltr'>praebebant</span> <span class='ocrx_word' id='word_1_181' title='bbox 1397 1985 1522 2012; x_wconf 89' lang='lat' dir='ltr'>usum</span> <span class='ocrx_word' id='word_1_182' title='bbox 1567 1985 1692 2026; x_wconf 86' lang='lat' dir='ltr'>quam</span> 
     </span>
    </p>
   </div>
   <div class='ocr_carea' id='block_1_3' title="bbox 290 2069 474 2075">
    <p class='ocr_par' dir='ltr' id='par_1_3' title="bbox 290 2069 474 2075">
     <span class='ocr_line' id='line_1_25' title="bbox 290 2069 474 2075; baseline 0 0"><span class='ocrx_word' id='word_1_183' title='bbox 290 2069 474 2075; x_wconf 95' lang='lat' dir='ltr'> </span> 
     </span>
    </p>
   </div>
   <div class='ocr_carea' id='block_1_4' title="bbox 282 2112 1697 2206">
    <p class='ocr_par' dir='ltr' id='par_1_4' title="bbox 282 2112 1697 2206">
     <span class='ocr_line' id='line_1_26' title="bbox 282 2112 1695 2156; baseline -0.004 -8"><span class='ocrx_word' id='word_1_184' title='bbox 282 2124 403 2153; x_wconf 74' lang='lat' dir='ltr'>stante,</span> <span class='ocrx_word' id='word_1_185' title='bbox 438 2120 629 2155; x_wconf 75' lang='lat' dir='ltr'>anapaestus</span> <span class='ocrx_word' id='word_1_186' title='bbox 664 2119 815 2154; x_wconf 78' lang='lat' dir='ltr'>ponatur:</span> <span class='ocrx_word' id='word_1_187' title='bbox 852 2129 1220 2156; x_wconf 63' lang='lat' dir='ltr'>oo—,—uu-—‚u—,</span> <span class='ocrx_word' id='word_1_188' title='bbox 1264 2112 1314 2144; x_wconf 83' lang='lat' dir='ltr'>Cf.</span> <span class='ocrx_word' id='word_1_189' title='bbox 1349 2112 1388 2143; x_wconf 92' lang='lat' dir='ltr'>G.</span> <span class='ocrx_word' id='word_1_190' title='bbox 1424 2113 1630 2143; x_wconf 84' lang='lat' dir='ltr'>Hermanuus</span> <span class='ocrx_word' id='word_1_191' title='bbox 1664 2113 1695 2143; x_wconf 86' lang='lat' dir='ltr'>in</span> 
     </span>
     <span class='ocr_line' id='line_1_27' title="bbox 283 2165 1697 2206; baseline -0.004 -5"><span class='ocrx_word' id='word_1_192' title='bbox 283 2171 363 2201; x_wconf 88' lang='lat' dir='ltr'>libro</span> <span class='ocrx_word' id='word_1_193' title='bbox 386 2170 425 2199; x_wconf 87' lang='lat' dir='ltr'>de</span> <span class='ocrx_word' id='word_1_194' title='bbox 447 2167 564 2199; x_wconf 79' lang='lat' dir='ltr'>Mettis</span> <span class='ocrx_word' id='word_1_195' title='bbox 588 2167 646 2198; x_wconf 89' lang='lat' dir='ltr'>Gr.</span> <span class='ocrx_word' id='word_1_196' title='bbox 669 2171 701 2197; x_wconf 81' lang='lat' dir='ltr'>et</span> <span class='ocrx_word' id='word_1_197' title='bbox 724 2166 818 2197; x_wconf 83' lang='lat' dir='ltr'>Rom.</span> <span class='ocrx_word' id='word_1_198' title='bbox 842 2165 1022 2196; x_wconf 82' lang='lat' dir='ltr'>luculenter</span> <span class='ocrx_word' id='word_1_199' title='bbox 1045 2166 1083 2196; x_wconf 87' lang='lat' dir='ltr'>de</span> <span class='ocrx_word' id='word_1_200' title='bbox 1107 2165 1271 2206; x_wconf 75' lang='lat' dir='ltr'>glyconeis</span> <span class='ocrx_word' id='word_1_201' title='bbox 1296 2165 1440 2196; x_wconf 82' lang='lat' dir='ltr'>numeris</span> <span class='ocrx_word' id='word_1_202' title='bbox 1463 2165 1642 2205; x_wconf 77' lang='lat' dir='ltr'>disputans,</span> <span class='ocrx_word' id='word_1_203' title='bbox 1665 2172 1697 2196; x_wconf 81' lang='lat' dir='ltr'>et</span> 
     </span>
    </p>
   </div>
   <div class='ocr_carea' id='block_1_5' title="bbox 284 2225 1701 2919">
    <p class='ocr_par' dir='ltr' id='par_1_5' title="bbox 284 2225 1697 2449">
     <span class='ocr_line' id='line_1_28' title="bbox 285 2225 1695 2268; baseline -0.001 -8"><span class='ocrx_word' id='word_1_204' title='bbox 285 2231 347 2260; x_wconf 86' lang='lat' dir='ltr'>vid.</span> <span class='ocrx_word' id='word_1_205' title='bbox 390 2228 536 2268; x_wconf 83' lang='lat' dir='ltr'>inprimis</span> <span class='ocrx_word' id='word_1_206' title='bbox 571 2237 643 2267; x_wconf 80' lang='lat' dir='ltr'>pag.</span> <span class='ocrx_word' id='word_1_207' title='bbox 679 2227 739 2258; x_wconf 77' lang='lat'>231</span> <span class='ocrx_word' id='word_1_208' title='bbox 772 2236 818 2266; x_wconf 88' lang='lat' dir='ltr'>sq.</span> <span class='ocrx_word' id='word_1_209' title='bbox 871 2226 908 2256; x_wconf 89' lang='lat' dir='ltr'>Iu</span> <span class='ocrx_word' id='word_1_210' title='bbox 946 2225 1050 2256; x_wconf 85' lang='lat' dir='ltr'>Elem.</span> <span class='ocrx_word' id='word_1_211' title='bbox 1084 2226 1195 2258; x_wconf 84' lang='lat' dir='ltr'>Doctr.</span> <span class='ocrx_word' id='word_1_212' title='bbox 1236 2226 1332 2257; x_wconf 87' lang='lat' dir='ltr'>Metr.</span> <span class='ocrx_word' id='word_1_213' title='bbox 1366 2227 1498 2257; x_wconf 84' lang='lat' dir='ltr'>eandem</span> <span class='ocrx_word' id='word_1_214' title='bbox 1532 2236 1598 2257; x_wconf 81' lang='lat' dir='ltr'>reni</span> <span class='ocrx_word' id='word_1_215' title='bbox 1633 2235 1695 2259; x_wconf 84' lang='lat' dir='ltr'>tra-</span> 
     </span>
     <span class='ocr_line' id='line_1_29' title="bbox 284 2285 1694 2326; baseline -0.001 -7"><span class='ocrx_word' id='word_1_216' title='bbox 284 2296 372 2319; x_wconf 78' lang='lat' dir='ltr'>ctans</span> <span class='ocrx_word' id='word_1_217' title='bbox 406 2288 487 2318; x_wconf 86' lang='lat' dir='ltr'>inter</span> <span class='ocrx_word' id='word_1_218' title='bbox 509 2287 572 2317; x_wconf 81' lang='lat' dir='ltr'>alia</span> <span class='ocrx_word' id='word_1_219' title='bbox 595 2286 717 2317; x_wconf 84' lang='lat' dir='ltr'>scribit:</span> <span class='ocrx_word' id='word_1_220' title='bbox 754 2285 949 2325; x_wconf 82' lang='lat' dir='ltr'>“Euripides</span> <span class='ocrx_word' id='word_1_221' title='bbox 971 2294 1034 2325; x_wconf 89' lang='lat' dir='ltr'>quo</span> <span class='ocrx_word' id='word_1_222' title='bbox 1056 2295 1198 2325; x_wconf 84' lang='lat' dir='ltr'>quaeque</span> <span class='ocrx_word' id='word_1_223' title='bbox 1230 2286 1388 2317; x_wconf 83' lang='lat' dir='ltr'>recentior</span> <span class='ocrx_word' id='word_1_224' title='bbox 1411 2292 1459 2317; x_wconf 83' lang='lat' dir='ltr'>est</span> <span class='ocrx_word' id='word_1_225' title='bbox 1481 2286 1552 2326; x_wconf 87' lang='lat' dir='ltr'>ejus</span> <span class='ocrx_word' id='word_1_226' title='bbox 1576 2287 1694 2318; x_wconf 85' lang='lat' dir='ltr'>sabula-</span> 
     </span>
     <span class='ocr_line' id='line_1_30' title="bbox 286 2344 1697 2386; baseline -0.001 -8"><span class='ocrx_word' id='word_1_227' title='bbox 286 2352 397 2383; x_wconf 74' lang='lat' dir='ltr'>&#39;‘rum,</span> <span class='ocrx_word' id='word_1_228' title='bbox 427 2352 516 2377; x_wconf 84' lang='lat' dir='ltr'>tanto</span> <span class='ocrx_word' id='word_1_229' title='bbox 544 2345 615 2385; x_wconf 84' lang='lat' dir='ltr'>plus</span> <span class='ocrx_word' id='word_1_230' title='bbox 637 2344 783 2375; x_wconf 81' lang='lat' dir='ltr'>licentiae</span> <span class='ocrx_word' id='word_1_231' title='bbox 809 2344 879 2374; x_wconf 51' lang='lat' dir='ltr'>sibi*</span> <span class='ocrx_word' id='word_1_232' title='bbox 896 2344 1046 2374; x_wconf 84' lang='lat' dir='ltr'>indulsit&#39;&#39;</span> <span class='ocrx_word' id='word_1_233' title='bbox 1072 2345 1158 2384; x_wconf 82' lang='lat' dir='ltr'>(pag.</span> <span class='ocrx_word' id='word_1_234' title='bbox 1183 2344 1275 2384; x_wconf 78' lang='lat'>523);</span> <span class='ocrx_word' id='word_1_235' title='bbox 1300 2344 1362 2375; x_wconf 88' lang='lat' dir='ltr'>vid.</span> <span class='ocrx_word' id='word_1_236' title='bbox 1387 2345 1485 2376; x_wconf 84' lang='lat' dir='ltr'>etiam</span> <span class='ocrx_word' id='word_1_237' title='bbox 1509 2345 1604 2386; x_wconf 86' lang='lat' dir='ltr'>hujus</span> <span class='ocrx_word' id='word_1_238' title='bbox 1625 2345 1697 2376; x_wconf 88' lang='lat' dir='ltr'>libri</span> 
     </span>
     <span class='ocr_line' id='line_1_31' title="bbox 285 2408 513 2449; baseline -0.009 -10"><span class='ocrx_word' id='word_1_239' title='bbox 285 2419 356 2449; x_wconf 82' lang='lat' dir='ltr'>pag.</span> <span class='ocrx_word' id='word_1_240' title='bbox 382 2408 446 2439; x_wconf 83' lang='lat'>538</span> <span class='ocrx_word' id='word_1_241' title='bbox 468 2417 513 2447; x_wconf 85' lang='lat' dir='ltr'>sq.</span> 
     </span>
    </p>

    <p class='ocr_par' dir='ltr' id='par_1_6' title="bbox 286 2463 1699 2683">
     <span class='ocr_line' id='line_1_32' title="bbox 332 2463 1698 2506; baseline -0.003 -8"><span class='ocrx_word' id='word_1_242' title='bbox 332 2468 337 2486; x_wconf 94' lang='lat'><strong>¹</strong></span> <span class='ocrx_word' id='word_1_243' title='bbox 364 2467 405 2499; x_wconf 92' lang='lat' dir='ltr'>G.</span> <span class='ocrx_word' id='word_1_244' title='bbox 439 2468 646 2497; x_wconf 84' lang='lat' dir='ltr'>Hermannus</span> <span class='ocrx_word' id='word_1_245' title='bbox 681 2466 812 2505; x_wconf 83' lang='lat' dir='ltr'>Proleg.</span> <span class='ocrx_word' id='word_1_246' title='bbox 847 2465 888 2496; x_wconf 79' lang='lat' dir='ltr'>ad</span> <span class='ocrx_word' id='word_1_247' title='bbox 921 2465 1086 2496; x_wconf 78' lang='lat' dir='ltr'>Hecubam</span> <span class='ocrx_word' id='word_1_248' title='bbox 1118 2474 1190 2506; x_wconf 89' lang='lat' dir='ltr'>pag.</span> <span class='ocrx_word' id='word_1_249' title='bbox 1221 2466 1259 2496; x_wconf 87' lang='lat'>8:</span> <span class='ocrx_word' id='word_1_250' title='bbox 1288 2465 1477 2506; x_wconf 85' lang='lat' dir='ltr'>“Euripidis</span> <span class='ocrx_word' id='word_1_251' title='bbox 1500 2463 1640 2501; x_wconf 87' lang='lat' dir='ltr'>numeri,</span> <span class='ocrx_word' id='word_1_252' title='bbox 1664 2464 1698 2494; x_wconf 86' lang='lat' dir='ltr'>in</span> 
     </span>
     <span class='ocr_line' id='line_1_33' title="bbox 286 2523 1699 2567; baseline -0.002 -10"><span class='ocrx_word' id='word_1_253' title='bbox 286 2525 540 2557; x_wconf 84' lang='lat' dir='ltr'>“recentioribus</span> <span class='ocrx_word' id='word_1_254' title='bbox 574 2524 775 2567; x_wconf 79' lang='lat' dir='ltr'>potissimum</span> <span class='ocrx_word' id='word_1_255' title='bbox 809 2523 998 2564; x_wconf 79' lang='lat' dir='ltr'>tragoediis,</span> <span class='ocrx_word' id='word_1_256' title='bbox 1032 2524 1192 2564; x_wconf 69' lang='lat' dir='ltr'>gravitate</span> <span class='ocrx_word' id='word_1_257' title='bbox 1225 2525 1342 2555; x_wconf 68' lang='lat' dir='ltr'>veteris</span> <span class='ocrx_word' id='word_1_258' title='bbox 1371 2524 1511 2555; x_wconf 78' lang='lat' dir='ltr'>musicae</span> <span class='ocrx_word' id='word_1_259' title='bbox 1536 2533 1593 2564; x_wconf 87' lang='lat' dir='ltr'>per</span> <span class='ocrx_word' id='word_1_260' title='bbox 1617 2524 1699 2554; x_wconf 79' lang='lat' dir='ltr'>mira</span> 
     </span>
     <span class='ocr_line' id='line_1_34' title="bbox 288 2582 1698 2620; baseline -0.001 -4"><span class='ocrx_word' id='word_1_261' title='bbox 288 2584 536 2616; x_wconf 76' lang='lat' dir='ltr'>“modulationis</span> <span class='ocrx_word' id='word_1_262' title='bbox 572 2583 705 2614; x_wconf 79' lang='lat' dir='ltr'>artificia</span> <span class='ocrx_word' id='word_1_263' title='bbox 737 2584 900 2620; x_wconf 73' lang='lat' dir='ltr'>dissoluta,</span> <span class='ocrx_word' id='word_1_264' title='bbox 933 2583 965 2614; x_wconf 89' lang='lat' dir='ltr'>in</span> <span class='ocrx_word' id='word_1_265' title='bbox 998 2593 1071 2615; x_wconf 80' lang='lat' dir='ltr'>eam</span> <span class='ocrx_word' id='word_1_266' title='bbox 1100 2584 1291 2615; x_wconf 81' lang='lat' dir='ltr'>varietatem</span> <span class='ocrx_word' id='word_1_267' title='bbox 1321 2590 1353 2615; x_wconf 82' lang='lat' dir='ltr'>et</span> <span class='ocrx_word' id='word_1_268' title='bbox 1366 2583 1529 2615; x_wconf 81' lang='lat' dir='ltr'>licentiam</span> <span class='ocrx_word' id='word_1_269' title='bbox 1551 2582 1698 2615; x_wconf 85' lang='lat' dir='ltr'>diffluxe—</span> 
     </span>
     <span class='ocr_line' id='line_1_35' title="bbox 288 2643 1197 2683; baseline -0.003 -7"><span class='ocrx_word' id='word_1_270' title='bbox 288 2649 385 2676; x_wconf 79' lang='lat' dir='ltr'>“runt</span> <span class='ocrx_word' id='word_1_271' title='bbox 408 2643 462 2674; x_wconf 79' lang='lat' dir='ltr'>ut&#39;&#39;</span> <span class='ocrx_word' id='word_1_272' title='bbox 486 2650 544 2674; x_wconf 84' lang='lat' dir='ltr'>etc.</span> <span class='ocrx_word' id='word_1_273' title='bbox 569 2661 609 2665; x_wconf 90' lang='lat'>—</span> <span class='ocrx_word' id='word_1_274' title='bbox 633 2643 685 2675; x_wconf 85' lang='lat' dir='ltr'>Cf.</span> <span class='ocrx_word' id='word_1_275' title='bbox 710 2643 822 2674; x_wconf 83' lang='lat' dir='ltr'>Doctr.</span> <span class='ocrx_word' id='word_1_276' title='bbox 846 2643 943 2674; x_wconf 73' lang='lat' dir='ltr'>Metr.</span> <span class='ocrx_word' id='word_1_277' title='bbox 968 2652 1044 2683; x_wconf 87' lang='lat' dir='ltr'>pag.</span> <span class='ocrx_word' id='word_1_278' title='bbox 1070 2644 1130 2676; x_wconf 82' lang='lat'>123</span> <span class='ocrx_word' id='word_1_279' title='bbox 1151 2653 1197 2683; x_wconf 72' lang='lat' dir='ltr'>sq.</span> 
     </span>
    </p>

    <p class='ocr_par' dir='ltr' id='par_1_7' title="bbox 289 2701 1701 2919">
     <span class='ocr_line' id='line_1_36' title="bbox 333 2701 1701 2743; baseline -0.001 -9"><span class='ocrx_word' id='word_1_280' title='bbox 333 2703 344 2722; x_wconf 78' lang='grc'>’-’</span> <span class='ocrx_word' id='word_1_281' title='bbox 369 2703 450 2734; x_wconf 82' lang='lat' dir='ltr'>Plat.</span> <span class='ocrx_word' id='word_1_282' title='bbox 487 2703 567 2742; x_wconf 82' lang='lat' dir='ltr'>Rep.</span> <span class='ocrx_word' id='word_1_283' title='bbox 601 2701 662 2738; x_wconf 78' lang='lat' dir='ltr'>IV,</span> <span class='ocrx_word' id='word_1_284' title='bbox 696 2711 770 2742; x_wconf 83' lang='lat' dir='ltr'>pag.</span> <span class='ocrx_word' id='word_1_285' title='bbox 805 2702 867 2732; x_wconf 81' lang='lat'>424</span> <span class='ocrx_word' id='word_1_286' title='bbox 896 2701 938 2734; x_wconf 90' lang='lat' dir='ltr'>C:</span> <span class='ocrx_word' id='word_1_287' title='bbox 967 2702 1050 2739; x_wconf 73' lang='grc' dir='ltr'>εἶδος</span> <span class='ocrx_word' id='word_1_288' title='bbox 1074 2703 1136 2743; x_wconf 80' lang='grc' dir='ltr'>γὰρ</span> <span class='ocrx_word' id='word_1_289' title='bbox 1162 2703 1278 2732; x_wconf 77' lang='grc' dir='ltr'>καινὸν</span> <span class='ocrx_word' id='word_1_290' title='bbox 1299 2704 1455 2742; x_wconf 76' lang='grc' dir='ltr'>μουσικῆς</span> <span class='ocrx_word' id='word_1_291' title='bbox 1478 2701 1701 2742; x_wconf 75' lang='grc' dir='ltr'>μεταβάλλειν</span> 
     </span>
     <span class='ocr_line' id='line_1_37' title="bbox 291 2760 1701 2802; baseline -0.002 -9"><span class='ocrx_word' id='word_1_292' title='bbox 291 2760 505 2802; x_wconf 68' lang='grc' dir='ltr'>ιὺλαβητέον,</span> <span class='ocrx_word' id='word_1_293' title='bbox 540 2761 583 2797; x_wconf 76' lang='grc' dir='ltr'>ὡς</span> <span class='ocrx_word' id='word_1_294' title='bbox 617 2761 651 2791; x_wconf 81' lang='grc' dir='ltr'>ἐν</span> <span class='ocrx_word' id='word_1_295' title='bbox 686 2760 753 2800; x_wconf 82' lang='grc' dir='ltr'>ὅλῳ</span> <span class='ocrx_word' id='word_1_296' title='bbox 789 2760 1040 2792; x_wconf 76' lang='grc' dir='ltr'>κινδυνεύοντα·</span> <span class='ocrx_word' id='word_1_297' title='bbox 1078 2760 1225 2801; x_wconf 79' lang='grc' dir='ltr'>οὐδαμοῦ</span> <span class='ocrx_word' id='word_1_298' title='bbox 1260 2761 1321 2800; x_wconf 80' lang='grc' dir='ltr'>γὰρ</span> <span class='ocrx_word' id='word_1_299' title='bbox 1356 2761 1522 2791; x_wconf 80' lang='grc' dir='ltr'>κινοῦνται</span> <span class='ocrx_word' id='word_1_300' title='bbox 1546 2763 1701 2801; x_wconf 80' lang='grc' dir='ltr'>μουσικῆς</span> 
     </span>
     <span class='ocr_line' id='line_1_38' title="bbox 291 2819 1701 2863; baseline -0.001 -10"><span class='ocrx_word' id='word_1_301' title='bbox 291 2822 406 2863; x_wconf 85' lang='grc' dir='ltr'>τρόποι</span> <span class='ocrx_word' id='word_1_302' title='bbox 430 2822 508 2852; x_wconf 74' lang='grc' dir='ltr'>ἄνευ</span> <span class='ocrx_word' id='word_1_303' title='bbox 532 2820 709 2851; x_wconf 79' lang='grc' dir='ltr'>πολιτικῶν</span> <span class='ocrx_word' id='word_1_304' title='bbox 733 2820 842 2859; x_wconf 83' lang='grc' dir='ltr'>νόμων</span> <span class='ocrx_word' id='word_1_305' title='bbox 866 2823 932 2851; x_wconf 82' lang='grc' dir='ltr'>τῶν</span> <span class='ocrx_word' id='word_1_306' title='bbox 954 2820 1126 2861; x_wconf 77' lang='grc' dir='ltr'>μεγίστων,</span> <span class='ocrx_word' id='word_1_307' title='bbox 1158 2820 1201 2855; x_wconf 80' lang='grc' dir='ltr'>ὥς</span> <span class='ocrx_word' id='word_1_308' title='bbox 1225 2827 1298 2860; x_wconf 81' lang='grc' dir='ltr'>φησι</span> <span class='ocrx_word' id='word_1_309' title='bbox 1322 2819 1443 2859; x_wconf 78' lang='grc' dir='ltr'>Δάμων</span> <span class='ocrx_word' id='word_1_310' title='bbox 1465 2820 1518 2850; x_wconf 72' lang='grc' dir='ltr'>καὶ</span> <span class='ocrx_word' id='word_1_311' title='bbox 1543 2819 1603 2860; x_wconf 69' lang='grc' dir='ltr'>ἐγω</span> <span class='ocrx_word' id='word_1_312' title='bbox 1629 2820 1701 2857; x_wconf 80' lang='lat' dir='ltr'>(So-</span> 
     </span>
     <span class='ocr_line' id='line_1_39' title="bbox 289 2880 591 2919; baseline -0.01 -7"><span class='ocrx_word' id='word_1_313' title='bbox 289 2884 404 2919; x_wconf 78' lang='lat' dir='ltr'>crates)</span> <span class='ocrx_word' id='word_1_314' title='bbox 430 2880 591 2919; x_wconf 73' lang='grc' dir='ltr'>πείθομαι.</span> 
     </span>
    </p>
   </div>
  </div>
 </body>
</html>
