1956 3346
897 168 950 207 95

215 288 412 330 ostendat
445 288 535 343 ejus
570 288 653 330 vile
690 289 908 344 ingenium
939 291 947 311 ¹
984 304 1111 346 quani
1148 290 1275 344 longa
1308 305 1415 345 quau·
1451 304 1639 344 praeces-

215 368 327 405 serat
356 362 586 405 altercatio.
644 364 726 406 Sed
759 365 934 407 omnino
969 366 1248 420 improbanda
1280 371 1382 406 sunt
1417 365 1491 406 illa
1522 363 1641 419 ῥάκη.

216 452 394 492 quorum
428 437 681 493 Euripides,
716 440 751 480 si
786 440 890 481 fides
924 441 1232 495 Aristophani,
1259 440 1430 494 plenam
1447 439 1645 482 servabat

216 512 392 566 cistam,
428 514 539 555 uude
572 514 747 557 heroum
781 515 1035 558 afflictorum
1068 516 1336 571 depromeret
1359 515 1643 562 vestimenta;

218 588 497 643 vituperanda
530 603 697 645 quoquc
730 605 881 631 senum
914 590 1123 632 debilium
1164 590 1379 632 affectatio
1394 594 1424 644 Ξ,
1464 604 1645 646 quorum

216 677 357 717 genua
404 665 632 706 trementia
679 666 714 707 si
763 665 816 707 ad
860 665 1103 708 celeriorem
1137 680 1309 707 cursum
1344 666 1644 721 impellantur,

218 738 401 793 perbene
433 739 565 781 risum
599 736 768 782 n‘iovere
800 740 993 795 possint,
1029 746 1077 782 ut
1102 741 1144 782 in
1166 741 1295 782 Pluto
1311 740 1645 795 Aristophanis,

219 813 293 855 sed
342 828 561 869 nunquam
607 814 786 857 affectus
833 829 928 857 vere
976 816 1159 871 tragicos
1204 816 1294 857 sive
1340 815 1526 858 excitare
1559 815 1648 856 sive

219 904 383 945 augere.
450 889 599 944 Neque
653 889 907 945 quisquam,
965 890 1135 946 opinor,
1188 891 1255 932 hic
1303 890 1551 946 provocabit
1595 891 1647 932 ad

219 964 463 1020 exemplum
511 963 714 1017 Homeri,
766 965 942 1007 Ulixem
976 969 1246 1022 πτωχεύοντα
1290 965 1572 1007 describentis
1606 971 1649 1006 ct

226 1040 416 1081 Laertem
450 1039 650 1081 indutum
681 1038 894 1095 ῥυπόωντι
926 1043 1072 1097 χιτῶνι
1100 1039 1246 1095 ῥαπτῷ
1267 1041 1463 1096 ἀεικελίῳ,
1497 1046 1544 1082 ut
1577 1040 1649 1095 qui

221 1114 262 1156 in
311 1114 469 1170 dispari
516 1114 657 1170 poesis
698 1128 853 1170 genere
885 1129 933 1156 ea
968 1128 1138 1156 narrare
1186 1114 1375 1169 potuerit
1420 1114 1513 1157 sine
1561 1115 1650 1157 ulla

221 1190 474 1243 offensione,
508 1205 616 1246 quae
649 1190 685 1232 si
718 1189 762 1231 in
796 1190 962 1232 theatro
994 1189 1159 1231 videres
1194 1204 1396 1232 nauseam
1415 1190 1605 1233 facerent
1619 1192 1647 1232 ³.

281 1265 332 1306 ln
364 1265 430 1307 his
465 1279 633 1321 quoque
666 1265 896 1320 Euripides
929 1265 1123 1321 sequitur
1155 1280 1308 1307 novam
1342 1265 1580 1319 rationem,
1608 1265 1651 1307 id

223 1340 452 1383 manifeste
484 1355 638 1396 agens,
687 1345 737 1383 ut
781 1341 916 1383 vitam
960 1341 1099 1396 qualis
1131 1355 1276 1383 revera
1307 1347 1398 1395 est,
1435 1343 1479 1383 in
1509 1342 1652 1384 minu·

223 1415 403 1457 tioribus
449 1429 618 1471 quoque
666 1415 889 1470 partibus,
938 1429 1084 1470 presse
1131 1415 1327 1458 imitetur
1373 1422 1415 1458 et
1459 1423 1653 1460 accurate

222 1491 458 1545 exprimat,
507 1505 640 1546 quum
687 1491 848 1546 priores
895 1496 1046 1547 poetae
1084 1505 1150 1533 res
1184 1491 1394 1535 humanas
1423 1492 1653 1549 pingentes

222 1565 477 1608 arctioribus
510 1567 669 1611 finibus
703 1582 748 1610 se
778 1568 1121 1622 continuissent,
1151 1573 1194 1610 et
1225 1583 1275 1610 ea
1302 1583 1410 1625 quae
1431 1569 1653 1625 vulgarem

224 1641 474 1690 hominum,
510 1642 645 1684 vitam
703 1643 945 1686 redolerent
1001 1643 1165 1700 tragica
1217 1658 1344 1686 scena
1383 1644 1651 1699 judicassent

226 1716 404 1771 indigna
423 1717 449 1758 ⁴.
486 1716 688 1759 Notabile
722 1717 948 1773 Sophoclis
983 1718 1173 1772 dictum,
1216 1719 1378 1774 optime
1423 1720 1651 1763 discrimen

271 1901 278 1920 ¹
305 1900 473 1941 Siquidem
507 1900 537 1931 ei
571 1899 729 1940 abjectam
765 1899 908 1931 indolem
941 1900 1100 1941 affingere
1141 1900 1263 1941 placuit
1296 1908 1428 1942 poetae.
1461 1908 1496 1934 ut
1529 1902 1655 1934 civibus

225 1960 427 2002 μισολάκωσι
462 1960 665 2002 palparetur:
699 1960 859 2001 ejusmodi
896 1961 1064 2001 πονηρίαν
1097 1960 1158 2001 ipsi
1192 1960 1320 1993 fabulae
1343 1971 1406 1993 non
1440 1963 1654 1994 necessariam

227 2020 426 2053 Aristoteles
449 2021 541 2052 Poet.
564 2030 634 2062 cap.
663 2022 700 2052 15
723 2027 756 2052 et
777 2022 821 2052 25
844 2020 1055 2061 vituperavit.

269 2078 283 2099 2
306 2080 335 2111 E
367 2079 486 2121 quibus
519 2085 647 2111 constat
678 2078 795 2111 chorus
830 2079 862 2109 in
893 2079 1038 2110 Hercule
1064 2078 1202 2115 furente,
1228 2081 1281 2111 vd.
1306 2090 1354 2112 vs,
1383 2081 1441 2114 107
1466 2090 1550 2122 sqq.;
1575 2081 1656 2113 addc

227 2139 391 2171 Tiresiam
424 2139 458 2170 in
487 2138 675 2170 Phoenissis
698 2138 908 2170 anhelantem
931 2148 979 2168 vs.
1003 2138 1068 2170 836
1091 2147 1177 2179 sqq„
1201 2139 1381 2180 Tyndarea
1403 2140 1458 2180 qui
1479 2146 1587 2172 aetate
1611 2142 1657 2172 in-

228 2198 354 2230 validus
376 2198 548 2230 adducitur
570 2203 602 2229 et
623 2198 793 2230 abducitur
815 2208 834 2229 a
861 2197 992 2229 famulis
1015 2197 1124 2231 Orest.
1147 2208 1195 2229 vs.
1219 2199 1302 2235 474.
1325 2199 1408 2238 629,
1430 2201 1656 2242 paedagogum

227 2258 315 2291 senio
337 2258 541 2290 vacillantem
564 2258 598 2288 in
619 2258 699 2290 Ione
722 2267 773 2289 vs.
796 2259 856 2292 741
876 2268 1000 2299 sqq.—-
1024 2258 1144 2291 “Seine
1159 2259 1270 2291 „Alten
1294 2258 1414 2300 klagen
1438 2259 1556 2292 immet
1579 2261 1656 2292 siber

229 2319 301 2350 “die
325 2318 654 2351 Gebrechlichkeiten
677 2318 732 2349 des
757 2318 886 2355 Altera,
910 2319 974 2349 und
998 2317 1124 2358 steigen
1149 2318 1322 2350 besonders
1336 2320 1399 2350 den
1411 2319 1576 2362 Aufgang
1600 2330 1658 2351 aus

229 2380 308 2410 “der
344 2378 520 2412 Orchestra.
552 2377 612 2408 auf
640 2377 692 2409 die
722 2377 840 2409 Bfibne
850 2400 950 2415 .....
971 2377 1048 2409 iiber
1070 2378 1121 2410 die
1151 2378 1389 2419 Miihseligkeit
1411 2379 1577 2416 scufzend.
1600 2381 1659 2411 mit

228 2438 454 2471 “wankenden
466 2437 579 2470 Knien
590 2436 736 2468 hinauf.''
760 2437 912 2479 Schlegel
935 2437 1031 2469 Vorl.
1056 2437 1134 2469 iiber
1157 2438 1260 2469 dram.
1283 2438 1328 2470 K.
1351 2448 1382 2471 u.
1399 2439 1439 2470 L.
1456 2438 1488 2470 1⁹
1499 2441 1658 2480 pag.209.

271 2497 284 2518 ³
307 2499 360 2532 De
383 2508 446 2539 qua
468 2507 503 2529 re
525 2496 678 2528 audiatur
703 2497 895 2538 Lessingius
920 2498 951 2528 in
977 2496 1142 2538 praeclaro
1164 2497 1222 2528 illo
1246 2503 1386 2530 tractatu
1409 2499 1449 2529 de
1462 2499 1657 2531 Laocoonte.

231 2560 355 2591 Eodem
374 2559 449 2599 jure
472 2557 614 2589 narratio
637 2558 676 2588 de
702 2557 864 2588 Nausicaa
887 2557 981 2589 Ulixi
1004 2557 1090 2588 inter
1112 2556 1288 2589 lavandum
1305 2568 1437 2598 operam
1452 2558 1658 2590 ministrante

229 2618 373 2650 adhiberi
395 2624 500 2659 posset
522 2618 562 2649 ad
584 2618 839 2659 praetexendam
863 2616 1042 2658 quamlibet
1065 2618 1239 2649 mimorum
1257 2618 1433 2650 lasciviam.

273 2678 286 2698 ⁴
310 2678 504 2710 Rectissime
529 2677 723 2710 Aristoteles
747 2677 840 2709 Poet.
870 2678 908 2709 15
920 2677 1024 2718 poetis
1047 2678 1182 2709 scenicis
1197 2678 1317 2709 imitari
1337 2678 1540 2709 commendat
1559 2678 1658 2710 bonos

231 2738 550 2779 iconographos‚qui
564 2738 640 2769 dum
664 2737 912 2769 similitudinem
935 2747 978 2769 ex
1002 2748 1082 2769 vero
1104 2738 1310 2779 exprimunt.
1334 2738 1492 2778 adjiciunt
1514 2738 1656 2779 pulchri-

232 2797 378 2829 tudinem
411 2807 490 2830 vero
523 2798 691 2839 majorem.
726 2798 860 2828 Addere
884 2797 1003 2838 possis,
1027 2797 1086 2828 hoc
1109 2806 1237 2838 quoque
1260 2797 1334 2826 boni
1359 2797 1491 2837 pictoris
1514 2808 1601 2837 esse,
1625 2807 1658 2831 ut

234 2856 357 2888 leviora
379 2867 444 2888 non
469 2858 514 2888 ita
537 2857 635 2888 anxie
659 2857 820 2891 elaboret.
845 2856 977 2899 plenum
1001 2856 1081 2888 artis
1095 2857 1249 2887 virtutem
1268 2865 1437 2886 reservans
1451 2858 1658 2897 gravioribus
