1956 3346
952 196 965 233 l
976 196 998 233 3
1005 195 1028 234 8

267 322 367 356 1125
405 330 448 355 ex
487 316 668 366 Sapiente
713 315 937 366 Melanippe
967 320 1121 354 sumtus
1151 322 1209 353 est
1239 314 1377 362 (Dind.
1408 316 1545 364 fragm.
1577 317 1692 359 487),

263 386 301 419 ct
330 394 375 419 ex
406 379 624 419 Erechtheo
655 392 709 417 vs.
744 380 864 425 1131,
894 378 998 429 quod
1028 382 1157 416 tamen
1189 390 1278 416 cum
1308 377 1488 416 Nauckio
1518 378 1693 427 (Fragm.

264 447 339 483 :365
372 444 509 493 Dind.)
538 442 682 480 rectius
711 442 854 480 referas
883 442 931 480 ad
963 455 1017 480 vs.
1052 444 1165 480 1135.

316 507 416 545 Vere
457 505 504 544 ad
533 505 798 554 fragmentum
826 503 1069 554 Melanippes
1097 503 1233 542 scribit
1262 502 1494 553 Wagnerus:
1542 503 1694 541 “Schol.

265 569 343 608 “ad
379 582 434 607 vs.
465 570 565 616 αὐτὴ
595 590 645 595 -
677 567 760 622 ’έχω
791 571 970 605 annotat:
1001 570 1022 608 ὁ
1054 569 1203 623 στίχος
1233 568 1272 607 ἐκ
1311 573 1445 621 σοφῆς
1484 566 1694 608 Μελανίπ-

265 638 371 681 “πης
411 628 650 687 Εὐριπίδου.
709 629 784 667 Sed
824 630 966 681 reliqui
1004 642 1158 681 quoquc
1195 628 1450 679 Euripideam
1479 629 1694 667 orationem

265 695 468 745 “sapiunt‚
505 698 550 731 ut
586 705 669 740 eos,
700 693 732 731 si
763 692 810 730 ab
841 692 1030 743 Euripide
1060 705 1137 730 non
1172 693 1229 730 ita
1258 692 1421 742 profecti
1452 695 1564 737 sunt,
1594 696 1696 729 certe

266 759 467 808 “proxime
505 755 553 794 ad
590 755 891 806 Euripidcorum
923 768 1103 794 versuum
1134 754 1355 805 exemplum
1385 754 1497 792 fictos
1526 766 1607 792 csse
1637 753 1697 803 ju-

267 820 504 859 “dicandum
534 819 630 858 sit.''

320 884 430 923 Idem
456 888 621 923 annotat
656 895 790 921 versus
820 881 1099 935 Ὀλυμπίασιν
1129 905 1179 909 -
1210 884 1442 937 περαίνεται
1465 881 1698 932 Euripideos

267 948 386 986 videri
418 946 541 998 (quod
571 947 691 985 ctiam
721 949 852 984 censet
883 945 1063 983 Dindorf.
1092 945 1133 983 in
1155 944 1287 984 adnot.
1313 945 1361 983 ad
1382 944 1541 995 schol.)‚
1573 948 1611 983 et
1641 945 1697 982 ul-

266 1012 408 1050 timum
452 1014 611 1061 “aperte
654 1008 835 1060 Euripidi
872 1008 1067 1046 tributum
1103 1020 1183 1046 esse
1222 1021 1244 1046 a
1275 1020 1438 1058 gramm.
1468 1008 1506 1046 in
1538 1007 1698 1046 Bach'm.

266 1073 412 1112 Anecd.
442 1074 508 1112 Gr.
540 1073 558 1111 I
590 1085 679 1123 pag.
714 1076 808 1117 191,
841 1074 930 1109 ‘262’
988 1070 1128 1112 (Dind.
1159 1071 1298 1121 fragm.
1335 1072 1445 1115 365.)

318 1176 576 1227 Thesmoph.
606 1188 661 1213 vs.
693 1178 760 1213 21:

478 1241 568 1281 οἷόν
597 1257 634 1279 τι
662 1257 743 1280 που
776 1241 880 1280 ’στὶν
910 1241 947 1279 αἱ
977 1236 1103 1293 σοφαὶ
1137 1236 1370 1284 {nuovo-[at-

269 1302 445 1340 Imitatio
475 1301 614 1351 tragici
644 1313 793 1339 versus:

481 1369 605 1420 σοφοὶ
639 1367 837 1421 τύραννοι
867 1367 950 1406 τῶν
982 1367 1126 1420 σοφῶν
1157 1362 1380 1418 ξυνουσίᾳ»

265 1441 380 1479 quem
409 1427 544 1474 multi,
574 1432 614 1466 ct
643 1427 745 1465 inter
773 1440 838 1465 eos
869 1427 1004 1473 Plato,
1030 1426 1211 1477 Euripidi
1233 1426 1468 1473 tribuerunt,
1491 1425 1698 1464 scholiasta

267 1496 417 1538 tamen,
457 1495 497 1529 et
538 1494 641 1529 recte
681 1494 726 1528 ut
769 1489 942 1537 videtur,
992 1489 1197 1528 contendit
1240 1502 1284 1527 ex
1334 1489 1536 1540 Sophoclis
1579 1488 1700 1539 Ajacc

271 1555 390 1593 Locro
431 1557 605 1592 sumtum
649 1566 748 1597 esse;
793 1552 919 1600 addit,
950 1553 1046 1591 satis
1074 1552 1229 1603 jejune,
1260 1552 1342 1590 fieri
1373 1564 1483 1602 posse
1514 1556 1557 1589 ut
1588 1552 1700 1590 Euri-

267 1617 377 1668 pides
405 1615 571 1655 eundem
601 1628 756 1654 versum
785 1616 1013 1666 protulerit,
1045 1616 1069 1664 ἢ
1100 1615 1175 1657 οὖν
1204 1613 1388 1663 ἐπίτηδες
1415 1616 1482 1656 ἵνα
1513 1618 1576 1656 καὶ
1602 1617 1701 1663 τοὺς

268 1680 431 1728 ἄλλους
475 1678 730 1735 ἐξαπατήσῃ,
776 1679 799 1727 ἢ
843 1681 1128 1733 συνέμπτωσις
1168 1677 1376 1734 Σοφοκλεῖ
1405 1682 1467 1720 καὶ
1499 1675 1702 1733 Εὐριπίδῃ

268 1746 439 1799 ἐγένετο.
470 1766 521 1770 —
566 1742 694 1792 Plagii
727 1741 955 1792 Euripidem
985 1741 1033 1779 ab
1063 1741 1327 1792 Aristophane
1357 1741 1515 1791 oblique
1544 1740 1701 1791 coargui

267 1807 347 1857 jam
379 1806 458 1844 dixi
490 1818 550 1844 me
579 1818 657 1843 non
686 1805 839 1843 credere
869 1805 910 1842 in
940 1808 1072 1842 annot.
1106 1808 1126 1842 2
1158 1817 1246 1855 pag.
1278 1808 1341 1843 56.
1543 1799 1548 1804 ”

1142 1869 1290 1908 (Fragm.
1313 1867 1414 1908 Soph.
1442 1868 1480 1898 12
1502 1867 1618 1905 Dind.)

326 1965 434 2005 ibid.
475 1977 528 2002 vs.
565 1967 637 2002 120
667 1964 708 2002 in
738 1963 960 2014 Agathonis
989 1964 1142 2001 cantico
1173 1965 1380 2019 κρούματα
1411 1959 1585 2009 ἀσιᾶἓος
1615 1964 1703 2012 (pro

271 2048 331 2083 κρ.
357 2027 547 2083 κιθάρας)
571 2027 618 2065 ab
643 2026 906 2078 Aristophane
926 2027 1051 2077 petita
1074 2030 1166 2064 sunt
1188 2037 1233 2063 ex
1250 2024 1451 2076 Euripidis
1472 2024 1702 2062 Erechtheo.

1135 2089 1284 2128 (Fragm.
1310 2089 1390 2118 Eur.
1414 2087 1474 2118 371
1501 2087 1617 2125 Dind.)

329 2183 436 2224 lhicl.
470 2197 522 2221 vs.
558 2187 629 2222 177
662 2194 718 2233 sq.
752 2181 959 2232 Euripides
988 2181 1043 2219 sic
1072 2180 1286 2231 alloquitur
1317 2180 1583 2231 Agathonem:

490 2246 702 2302 Ἀγάθων,
734 2249 869 2300 σοφοῦ
901 2246 1008 2301 πρὸς
1040 2241 1219 2299 ἀνδρός,
1251 2247 1366 2292 ὅστις
1402 2246 1443 2286 ἐν
1469 2242 1625 2301 βραχεῖ

489 2309 682 2356 πολλοὺς
713 2308 853 2356 καλῶς
884 2309 976 2355 οἷός
1006 2325 1044 2348 τε
1077 2309 1312 2361 συντέμνειν
1343 2308 1518 2362 λόγους·

335 2372 385 2410 Ex
424 2371 619 2422 Euripidis
650 2370 789 2417 Aeolo,
821 2370 887 2408 ubi
918 2371 974 2408 ita
1004 2369 1220 2419 legebatur:

491 2432 650 2482 παῖδες,
682 2438 816 2488 σοφοῖν
845 2435 955 2489 πρὸς
986 2430 1163 2488 ἀνδρός,
1196 2435 1312 2480 ὅστις
1343 2436 1385 2474 ἐν
1413 2431 1568 2488 βραχεῖ

491 2496 684 2544 πολλοὺς
714 2496 877 2550 λόγους
908 2496 997 2542 οἷός
1027 2514 1065 2535 τε
1098 2497 1331 2548 συντέμνειν
1367 2495 1518 2543 καλῶς.

1261 2558 1412 2598 (Fragm.
1436 2558 1478 2588 28
1503 2557 1618 2596 Dind.)

336 2619 442 2660 lbid.
476 2633 528 2656 vs.
566 2623 637 2656 193
668 2632 754 2668 sqq:

324 2684 462 2732 Assalh.
500 2679 708 2737 Εὐριπίδη-

607 2746 698 2782 Em.
729 2748 766 2785 τί
802 2745 928 2791 {crum

815 2825 955 2873 Affltlh.
986 2825 1185 2872 ἐποίησάς
1216 2842 1311 2866 ποτ(-

496 2892 682 2944 “xm‘pflc
714 2891 825 2942 ὁρῶν
857 2891 968 2942 φῶς,
999 2888 1148 2940 πατέρα
1183 2885 1214 2927 δ’
1247 2888 1294 2928 οιί
1320 2889 1478 2942 χαίρειν
1505 2884 1678 2934 Some?
