1956 3346
955 230 998 267 1-1

268 353 376 393 inter
419 365 564 392 omnes
606 350 700 392 illos
742 350 834 405 pios
871 350 1045 391 deorum
1083 349 1264 391 cultores
1298 364 1485 404 unquam
1519 350 1569 391 de
1602 349 1682 390 diis

268 427 374 468 serio
408 426 688 481 cogitaverat,
721 430 763 466 et
796 439 844 465 ea
876 439 982 479 quae
1015 424 1188 465 auribus
1221 432 1439 478 acceperat
1472 423 1683 465 vellabris

267 501 492 543 enunciare
534 500 698 541 solebat
730 499 771 539 in
805 499 996 540 animum
1032 512 1198 554 quoque
1230 499 1412 552 recipere
1445 498 1583 539 fuerat
1615 513 1683 540 co-

269 577 421 618 natus?
462 575 574 616 Fieri
608 589 708 615 sane
740 578 883 629 potest
914 578 963 615 ut
995 588 1142 615 caecus
1175 573 1350 628 quidam
1373 573 1531 626 horror,
1556 574 1686 614 insita

268 651 476 706 quaedam
516 649 753 691 reverentia
791 649 1042 691 coelicolum
1075 649 1352 690 comitaretur
1384 649 1489 690 istos
1523 649 1629 690 ritus
1663 664 1687 690 a

269 725 500 780 majoribus
542 729 760 779 acceptos3
812 725 884 766 sed
931 738 1015 765 non
1058 730 1202 765 tamen
1250 723 1534 764 dubitandum
1583 729 1687 778 puto

269 800 370 856 quin
405 800 456 841 de
488 800 636 842 Attica
663 799 824 854 pietate
850 799 946 854 jure
978 799 1116 840 dicere
1149 799 1287 853 possis
1319 798 1432 854 quod
1463 798 1610 853 vulpes
1637 799 1688 839 de

270 890 447 930 persona
495 875 600 916 bene
648 874 782 915 facta:
827 879 916 916 tam
961 874 1122 916 bellum
1169 880 1298 929 caput
1340 873 1556 915 cerebrum
1604 888 1687 915 non

270 952 422 1002 habet3
456 959 577 992 extra
607 951 757 992 decora
789 951 948 1004 multa,
983 950 1100 992 intus
1134 950 1261 992 solidi
1286 950 1406 991 nihil.

331 1026 413 1070 Sed
454 1026 590 1081 pietas
633 1025 732 1078 illa,
767 1023 1058 1080 δεισιδαιμονίᾳ
1089 1025 1253 1077 vicina,
1287 1039 1371 1080 quo
1402 1025 1546 1066 minus
1579 1024 1689 1065 altas

271 1103 427 1159 agebat
469 1101 652 1154 radices,
692 1115 740 1142 eo
773 1101 1066 1155 impatientior
1097 1105 1187 1142 erat
1219 1100 1562 1155 disputationum
1594 1098 1690 1154 phi-

272 1177 601 1232 losophicarum.
669 1177 737 1219 Sic
781 1175 920 1217 arbori
963 1176 1144 1217 firmiter
1185 1175 1276 1217 solo
1310 1174 1549 1216 inhaerenti
1582 1173 1691 1214 nihil

273 1254 394 1295 obest
436 1252 472 1294 si
516 1252 728 1307 serpentia
772 1251 882 1292 circa
925 1251 1076 1305 pedem
1118 1250 1223 1292 lolia
1254 1250 1380 1292 tollas
1413 1262 1692 1303 muscumque

274 1345 298 1371 a
343 1328 497 1370 cortice
539 1327 720 1380 avellas,
767 1326 840 1368 sed
886 1326 1031 1381 potius
1076 1326 1290 1380 proderit,
1332 1324 1560 1380 patefactis
1607 1323 1693 1365 aeri

274 1403 530 1461 pluviaeque
570 1402 757 1444 aditibus
789 1401 904 1443 unde
936 1416 1069 1443 novos
1102 1415 1249 1444 succos
1281 1401 1409 1443 ducat
1420 1419 1430 1451 ;
1466 1400 1539 1442 sed
1571 1402 1694 1441 caute

275 1485 459 1523 rastrum
504 1477 758 1533 agitandum
801 1476 882 1519 erit
922 1477 1033 1519 inter
1078 1477 1232 1532 stirpes
1279 1476 1462 1518 cariosas
1495 1479 1538 1516 et
1569 1474 1692 1515 annis

275 1570 443 1609 exesas,
489 1568 542 1595 ne
584 1567 681 1595 cum
724 1552 951 1594 inutilibus
984 1552 1125 1594 herbis
1158 1552 1432 1594 succidantur
1465 1549 1594 1592 simul
1626 1563 1692 1590 ra-

276 1630 410 1683 dices,
444 1642 551 1684 quae
582 1633 814 1682 supersunt
844 1642 1004 1682 paucae
1036 1634 1078 1669 et
1098 1631 1257 1682 putres.
1296 1653 1349 1658 ——
1380 1625 1693 1680 Aristophanes

277 1705 384 1747 mihi
415 1703 584 1745 videtur
615 1704 693 1744 hac
726 1703 768 1743 in
802 1707 921 1758 parte
955 1702 1109 1744 similis
1142 1702 1276 1744 fuisse
1307 1701 1521 1757 plerisque
1551 1715 1573 1742 e
1605 1699 1693 1741 suis

277 1780 454 1822 civibus.
520 1779 584 1820 De
615 1779 739 1820 rebus
772 1778 1024 1834 theologicis
1056 1792 1209 1832 parum
1240 1777 1525 1832 cogitaverat3
1545 1776 1597 1817 de
1613 1775 1695 1816 diis

278 1869 383 1897 num
438 1859 581 1896 essent
637 1853 832 1895 dubitare
901 1853 975 1895 vix
1035 1858 1226 1908 poterat,
1287 1867 1419 1907 quum
1476 1864 1695 1906 nunquam

279 1930 387 1972 serio
419 1929 471 1971 ad
509 1929 618 1971 haue
655 1943 830 1984 gravem
873 1929 1166 1984 quaestionem
1210 1929 1403 1969 animum
1436 1925 1694 1975 attenderet3

279 2005 457 2047 ridicule
499 2004 750 2059 saepissime
787 2018 856 2046 eos
897 2004 1118 2059 depinxit,
1153 2004 1226 2045 sed
1259 2016 1515 2057 magnopere
1555 2005 1697 2042 tamen

281 2080 592 2123 succensuisset
624 2078 659 2119 si
691 2079 788 2134 quis
820 2079 858 2120 ei
891 2079 1138 2133 objecisset,
1173 2093 1222 2120 ea
1255 2092 1361 2133 quae
1382 2091 1456 2132 per
1473 2076 1591 2130 jocos
1613 2089 1696 2116 non

281 2169 373 2198 raro
418 2154 614 2197 scurriles
652 2154 703 2195 de
736 2154 817 2195 diis
851 2155 893 2195 in
929 2169 1056 2196 scena
1087 2154 1269 2205 diceret,
1308 2151 1542 2208 impietatis
1574 2164 1698 2205 posse

281 2230 415 2286 argui.
453 2229 717 2271 Deridendos
749 2228 946 2284 praebuit
976 2243 1060 2270 non
1094 2229 1220 2270 modo
1242 2242 1363 2269 senes
1386 2225 1700 2282 σιβυλλιὼντας

283 2310 326 2348 et
358 2304 688 2362 χρησμολόγους
719 2305 885 2346 oracula
920 2304 1189 2345 venditantes
1217 2304 1246 2357 ¹,
1291 2317 1375 2344 non
1408 2308 1576 2344 tantum
1600 2301 1721 2343 deo-⁴

283 2397 377 2423 rum
411 2381 630 2422 ministros
666 2380 930 2435 Lamponem
949 2380 982 2433 2,
1021 2378 1253 2433 Diopithen
1276 2381 1291 2405 ³
1316 2378 1462 2432 jocose
1485 2375 1698 2427 tractavit,

284 2458 358 2500 sed
391 2456 505 2511 ipsos
539 2469 704 2510 quoque
737 2455 835 2496 deos
869 2454 1028 2509 patrios
1064 2468 1233 2495 summa
1264 2467 1362 2494 cum
1393 2452 1591 2493 libertate
1614 2454 1699 2491 tra-

285 2532 421 2574 duxit.
490 2529 722 2583 Hercules,
773 2535 820 2570 ut
866 2529 973 2571 alter
1021 2528 1212 2581 Esavus,
1260 2527 1415 2570 stolide
1461 2539 1614 2578 vorax,
1659 2530 1701 2565 et

286 2622 385 2664 prae
419 2604 665 2648 succulento
698 2605 789 2645 cibo
816 2604 914 2659 jura
930 2604 1131 2645 coelitum
1151 2603 1258 2644 nihil
1274 2616 1449 2655 curans,
1475 2601 1517 2641 in
1535 2599 1701 2641 Avibus

287 2688 329 2723 et
376 2681 418 2722 in
463 2679 595 2720 uanis
629 2679 730 2720 risui
781 2684 864 2727 est3
907 2679 1122 2732 Dionysus
1156 2678 1337 2732 turpiter
1371 2677 1575 2731 ignavus,
1609 2674 1702 2730 glo-

334 2807 339 2824 ¹
366 2806 403 2836 In
428 2804 621 2844 Equitihus,
646 2803 789 2839 Avibus,
814 2803 1003 2843 Lysistraia.

332 2863 344 2882 ²
369 2865 406 2894 ln
432 2863 558 2895 Avibus
582 2873 626 2894 vs,
650 2864 713 2893 522
736 2869 765 2892 ct
789 2863 861 2892 985.

335 2924 346 2942 ³
372 2923 479 2962 Equit.
506 2932 549 2953 vs.
580 2924 668 2953 1085.
