1956 3346
881 185 935 218 U‘.)

191 317 358 358 quoque
412 303 450 343 in
497 305 615 356 parte
647 300 737 355 ejus
771 315 942 342 ‹fausain
978 306 1189 354 tueretur,
1224 302 1410 357 exceptis
1446 310 1612 345 tantuin

197 378 397 420 Barnesio
443 383 486 419 et
523 376 759 431 Lessingio.
797 376 961 417 Horum
996 377 1203 429 alterum,
1238 377 1409 418 doctum
1443 378 1614 433 quidem

192 453 266 494 sed
298 467 449 508 parum
482 452 646 493 subacti
682 451 842 506 ingenii
876 451 1093 505 Anglum,
1130 452 1196 493 hic
1229 453 1407 493 missum
1434 453 1612 500 faciam:

191 528 298 570 alter
330 542 453 581 vero,
488 527 559 582 qui
601 526 653 568 ad
685 526 872 567 scenicas
906 540 970 567 res
1002 525 1297 580 dijudicandas
1332 533 1422 568 tum
1459 542 1614 582 magna

190 603 428 645 eruditione
461 609 551 645 tum
586 602 723 644 multo
756 616 836 643 usu
868 607 957 643 erat.
990 602 1431 656 paratissinius,sane
1457 603 1614 657 dignus

191 685 256 720 est
287 679 340 720 ad
372 678 492 733 cujus
525 677 769 732 opinionem
801 690 900 717 mox
933 676 1219 718 attendamus.

251 754 296 795 Si
330 753 462 809 igitur
493 742 741 809 inquisituri
774 765 947 805 sumus,
984 752 1139 807 quibus
1173 752 1291 794 vitiis
1324 752 1486 808 prologi
1529 752 1614 794 Eu-

192 828 343 883 ripidis
388 828 604 880 laborent,
643 827 735 881 jam
783 825 932 867 statim
980 826 1175 868 videmus
1225 841 1295 868 eos
1328 842 1420 869 csse
1452 827 1614 882 aliquid

190 903 316 958 plane
347 903 445 945 novi
470 904 494 944 ¹.
529 901 729 943 Notabile
762 900 958 956 inprimis
991 901 1097 942 mihi
1129 902 1325 955 videtur,
1353 902 1432 944 hoc
1453 916 1616 958 quoqne

192 979 362 1020 nomine
397 977 613 1033 Euripidis
645 976 813 1019 fabulas
845 976 899 1018 ad
929 991 1084 1018 novam
1108 978 1373 1020 comoediam
1399 976 1615 1027 accedere,

192 1053 234 1094 in
282 1067 366 1108 qua
411 1051 540 1094 moris
573 1051 707 1093 fuisse
746 1066 797 1093 ex
830 1051 1072 1094 imitatione
1106 1052 1358 1094 Latinorum
1391 1052 1615 1103 novimus,

192 1134 240 1169 ut
271 1132 500 1183 antequam
533 1126 773 1168 diverbium
805 1125 1099 1179 inchoaretur,
1132 1126 1380 1182 menologia
1410 1126 1476 1168 vel
1494 1140 1614 1181 prae-

191 1203 352 1244 fatione
384 1217 432 1245 ea
463 1208 759 1244 enarrarentur
791 1202 1101 1257 spectatoribus
1136 1202 1189 1244 de
1221 1208 1425 1257 tempore,
1459 1202 1552 1244 loco
1573 1210 1615 1244 et

192 1278 361 1320 fabulae
391 1277 583 1333 personis
617 1291 723 1333 quae
754 1290 1109 1332 praecognoscere
1131 1292 1352 1320 necessum
1370 1284 1492 1320 esset.
1518 1277 1615 1319 Non

192 1353 341 1394 dubito
383 1353 485 1408 quin
529 1356 640 1394 recte
677 1352 905 1406 judicent²
936 1352 1008 1407 qui
1039 1367 1091 1394 ex
1122 1353 1312 1394 novitate
1342 1359 1616 1408 argumento-

192 1442 286 1470 rum
327 1442 499 1470 causam
537 1427 664 1483 hujus
698 1427 887 1470 instituti
919 1431 1138 1482 repetunt3
1163 1442 1261 1469 nam
1296 1428 1428 1470 donec
1461 1428 1617 1470 tradita

192 1503 491 1546 tantummodo
520 1503 611 1545 sine
642 1502 882 1545 mutatione
914 1503 1232 1557 tractabantur,
1268 1504 1334 1545 vel
1368 1504 1460 1559 ipso
1489 1503 1616 1545 titulo

192 1579 396 1621 dramatis
429 1578 576 1620 audito
607 1583 865 1633 spectatores
903 1592 951 1620 ea
982 1579 1175 1620 sciebant
1208 1593 1316 1634 quae
1349 1579 1401 1620 ad
1425 1578 1615 1621 fabulam

192 1654 298 1696 bene
353 1653 679 1710 intelligendam
737 1653 1002 1703 sufficerent3
1060 1658 1290 1710 postquam
1343 1669 1440 1696 vero
1486 1655 1616 1696 veteri

194 1730 434 1786 tragoediae
465 1743 575 1771 nova
601 1729 810 1771 successit
841 1728 1059 1771 comoedia
1091 1743 1198 1785 quae
1230 1729 1274 1770 in
1303 1729 1468 1772 fictitiis
1491 1729 1618 1785 plane

192 1805 457 1859 argumentis
503 1804 779 1860 personisque
824 1804 1092 1857 versabatur,
1139 1804 1192 1846 de
1223 1804 1289 1846 his
1322 1804 1467 1859 aliqua
1496 1819 1617 1860 prae-

192 1878 374 1921 monitio
418 1879 651 1921 debebatur
695 1879 948 1934 spectatori,
984 1879 1088 1921 talia
1118 1878 1204 1921 fere
1235 1879 1520 1934 complectens
1555 1879 1618 1920 uti

193 1968 306 1996 nunc
352 1954 554 2010 leguntur
599 1955 642 1995 in
690 1953 849 1996 tabella
896 1954 1014 2009 prelo
1046 1968 1224 2006 excusa,
1264 1969 1371 2010 quac
1404 1954 1616 1996 theatrum

194 2029 455 2071 intrantibus
512 2028 652 2071 offerri
707 2028 827 2070 solet.
888 2028 1116 2084 Euripides
1160 2035 1329 2082 autem,
1382 2043 1497 2071 more
1542 2043 1619 2071 suo

195 2103 384 2145 medium
416 2104 627 2160 quendam
660 2118 830 2147 cursum
864 2109 1030 2158 tenens,
1064 2105 1203 2146 multa
1234 2119 1406 2160 prorsus
1439 2120 1548 2147 nova
1575 2112 1617 2147 et

196 2194 220 2220 a
266 2193 310 2221 se
354 2179 454 2221 ficta
499 2179 678 2222 inseruit
725 2179 914 2236 antiquis
962 2180 1180 2234 historiis,
1221 2180 1281 2222 ita
1312 2187 1359 2222 ut
1391 2195 1616 2235 personae,

196 2268 300 2309 quas
347 2254 465 2296 ducit
511 2255 555 2296 in
607 2268 792 2308 scenam,
846 2254 1062 2297 interdum
1116 2255 1225 2296 nihil
1265 2260 1431 2310 praeter
1461 2269 1616 2297 nomen

198 2343 220 2370 e
267 2328 435 2370 traditis
484 2328 798 2372 narrationibus
847 2329 1119 2372 servaverint.
1176 2329 1292 2372 Haec
1339 2330 1493 2385 igitur,
1535 2331 1617 2372 nisi

242 2451 252 2470 ¹
277 2452 476 2489 Mommsen,
512 2452 606 2486 Ram.
640 2452 774 2485 Gesch.⁶
804 2454 838 2490 1.
860 2464 935 2495 pag.
958 2455 1037 2486 908:
1073 2454 1161 2486 “Die
1182 2454 1366 2486 liederliche
1389 2454 1526 2488 Manier.
1556 2455 1618 2485 deu

198 2511 354 2542 “Knoteu
378 2511 482 2542 durch
505 2512 568 2544 den
592 2512 714 2553 Prolog
737 2523 776 2544 zu
800 2513 956 2544 schiirzen
979 2514 1044 2544 und
1069 2513 1170 2545 durch
1192 2514 1264 2544 01110
1281 2512 1619 2553 Gssttererscheinung

200 2571 297 2601 “oder
331 2570 405 2601 eine
441 2570 589 2602 iihnliche
624 2571 812 2612 Plumpheit
846 2582 886 2602 zu
919 2572 1026 2608 loson,
1056 2572 1112 2603 hat
1134 2571 1226 2604 recht
1248 2571 1423 2613 eigentlich
1446 2571 1619 2612 Euripides

201 2628 465 2669 '‘ausgebracht.''

243 2685 257 2706 ²
280 2686 484 2730 Schlegelius
508 2689 556 2727 (5⁶
577 2688 771 2730 vorlesung
799 2689 878 2720 iiber
900 2689 1002 2721 dmm.
1027 2690 1137 2721 Kunst
1159 2689 1223 2720 und
1247 2689 1337 2728 Lit.)‚
1355 2689 1395 2721 G.
1410 2689 1619 2721 Hermunnus

203 2745 315 2786 (praef.
347 2747 386 2777 ad
421 2746 519 2787 Soph.
555 2747 675 2779 Electr.
709 2757 783 2788 pag.
820 2748 882 2787 Χ),
913 2748 955 2779 Κ.
989 2748 1028 2781 Ο.
1053 2748 1212 2780 Mullerus
1237 2747 1307 2786 (Gr.
1331 2747 1410 2779 Litt.
1432 2747 1541 2789 gesch.
1568 2747 1618 2781 11.

204 2814 234 2843 p.
261 2805 349 2844 15o);
371 2805 486 2846 quibus
504 2806 727 2847 obloquentem
741 2806 930 2848 Pflugkium
943 2807 990 2845 (in
1004 2817 1061 2838 suu
1075 2807 1242 2847 Euripidis
1254 2807 1402 2841 editione,
1417 2816 1445 2846 p.
1459 2806 1616 2838 XXXVI

204 2864 436 2905 praefationis),
460 2874 522 2905 ego
547 2865 732 2905 inteliigere
755 2875 817 2897 non
842 2866 939 2906 potui.

1388 2927 1407 2934 ᾳ
