1956 3346
933 206 985 242 5¹.)

249 328 380 370 veluti
413 327 666 368 eruditionis
708 327 921 381 specimen
968 325 1125 380 profert
1161 325 1497 380 disputationem
1533 324 1670 379 phil«,-

248 402 465 457 sophicam
498 401 550 443 de
581 401 720 443 causis
755 401 924 456 pluviae
956 408 999 442 et
1031 401 1231 451 tonitrus,
1255 399 1512 441 illustratam
1530 413 1672 440 exeni-

250 477 332 532 plis
367 492 389 519 e
423 476 509 518 vita
543 477 794 532 quotidiana
827 476 973 532 petitis
1006 478 1087 525 (vs.
1126 477 1392 526 3138-411).

311 551 481 594 Satisne
529 552 756 594 manifeste
808 551 872 592 his
922 551 1025 592 loeis
1071 550 1257 592 comicus
1310 549 1495 591 declarat
1545 562 1672 603 quain

249 625 428 667 ridicula
470 630 513 667 et
555 641 672 688 vana.
702 627 738 668 ei
775 625 971 667 videatur
1004 624 1078 666 illa
1110 624 1400 679 sophistarum
1435 623 1675 679 sapientia?

250 701 345 743 Non
381 707 485 756 puto
517 716 623 757 opus
657 717 749 744 esse
782 707 829 743 ut
861 715 912 743 ex
945 700 1035 754 ejus
1071 700 1209 741 verbis
1233 700 1521 741 demonstrem
1546 713 1673 754 quani

251 775 422 830 penitus
470 775 772 828 contemserit,
821 775 897 817 hac
941 788 1108 830 quoque
1151 775 1190 815 in
1227 780 1369 829 parte,
1404 789 1509 829 quus·
1546 788 1677 814 novae

250 850 468 893 doetrinae
506 851 727 892 thesauros
761 864 804 890 se
839 849 1063 891 reclusisse
1096 849 1427 891 Atheniensium
1456 847 1674 901 juventuti

249 925 435 980 gloriose
459 924 686 980 jactabant
719 924 914 979 magistri
962 924 1023 965 illi
1068 925 1188 980 queis
1230 924 1337 966 nihil
1383 925 1674 979 incognitum,

251 1000 302 1042 de
347 999 501 1056 quibus
548 999 652 1055 quid
698 999 879 1041 senserit
927 999 992 1041 his
1038 999 1253 1042 Plautinis
1300 999 1490 1040 versibus
1534 998 1676 1053 expri-

252 1089 365 1117 mere
389 1075 517 1129 juvat
543 1077 575 1115 ¹:

371 1182 529 1226 Omnia
560 1196 604 1223 se
637 1180 846 1223 simulant
879 1180 985 1222 scire
1019 1195 1154 1236 neque
1187 1182 1414 1236 quicquain
1449 1182 1601 1223 sciunt.

374 1257 498 1309 Quod
529 1256 709 1312 quisque
742 1256 784 1297 in
818 1256 963 1299 animo
996 1257 1123 1298 habet
1157 1263 1230 1298 aut
1259 1256 1502 1298 habiturust
1523 1258 1675 1299 sciunt.

373 1410 489 1459 Quae
522 1421 658 1462 neque
690 1406 861 1448 fuerunt
896 1420 1032 1462 neque
1065 1414 1165 1448 sunt
1201 1414 1341 1448 tanien
1380 1407 1439 1448 illi
1474 1407 1628 1449 sciunt.

317 1526 365 1566 ln
401 1525 649 1566 universum
681 1529 826 1565 autem
859 1523 1172 1578 Aristophanes
1206 1538 1354 1578 parum
1390 1539 1550 1580 aequus
1574 1525 1676 1567 mihi

256 1599 424 1642 videtur
467 1600 518 1641 de
564 1599 629 1641 his
663 1599 787 1641 rebus
814 1598 949 1654 judex
981 1598 1138 1651 fuisse,
1173 1598 1247 1640 sed
1281 1598 1354 1640 ubi
1387 1599 1439 1641 de
1475 1600 1680 1656 Euripide

255 1674 399 1729 agitur
430 1674 558 1729 plane
590 1673 629 1715 ei
661 1673 1017 1729 adstipulandum
1051 1688 1224 1727 censeo,
1249 1674 1437 1730 graviter
1460 1674 1567 1716 illud
1585 1675 1680 1731 phi-

256 1748 475 1804 losopliiae
509 1748 702 1790 studium
735 1749 1018 1804 vituperanti:
1043 1749 1172 1804 hujus
1189 1749 1305 1791 enim
1324 1749 1564 1805 tragoedias
1584 1750 1681 1792 inde

257 1825 355 1880 plus
389 1824 535 1866 damni
570 1839 697 1880 quam
732 1824 837 1866 lueri
869 1824 1068 1867 retulisse
1101 1825 1294 1867 arbitror.
1343 1824 1492 1867 Musae
1523 1839 1681 1881 cogna-

259 1905 326 1942 tae
368 1905 472 1942 sunt
514 1900 782 1955 Sapientiae,
829 1907 872 1941 et
917 1899 1094 1955 proinde
1131 1906 1280 1955 poetae
1313 1900 1521 1942 conducet
1552 1901 1680 1944 simul

258 1989 350 2017 esse
393 1974 569 2030 sophiae
614 1974 792 2026 cultori,
837 1974 911 2017 sed
955 1988 1039 2016 non
1071 1989 1120 2017 eo
1152 1990 1306 2026 sensu,
1343 1983 1390 2017 ut
1421 1977 1680 2021 carminibus

258 2065 386 2106 quam
433 2050 570 2106 possit
613 2050 884 2106 saepissime,
919 2050 1053 2093 veluti
1085 2051 1310 2106 sapphiros
1342 2056 1385 2093 et
1417 2054 1681 2108 smaragdos.

260 2126 494 2168 admisceat
530 2125 646 2168 dicta
678 2126 985 2182 philosophica.
1054 2126 1434 2170 Verumenimvero
1468 2129 1502 2170 si
1536 2129 1680 2172 afflatu

261 2200 426 2256 poetico
459 2214 627 2256 semper
659 2201 769 2243 inter
801 2201 1072 2244 scribendum
1096 2201 1297 2244 caluisset
1323 2202 1573 2258 Euripides,
1599 2219 1680 2246 non

263 2283 327 2319 tot
371 2276 598 2319 sententiis
639 2276 906 2319 abundarent
949 2276 1040 2332 ejus
1078 2291 1216 2333 opera.
1285 2277 1368 2329 Qui
1400 2286 1515 2321 certo
1545 2280 1681 2335 gradu

262 2352 453 2407 procedit
483 2352 537 2394 ad
571 2366 745 2408 scopum
779 2367 905 2408 quern
940 2353 1206 2408 propositum
1230 2353 1308 2394 sihi
1336 2353 1451 2396 videt
1483 2360 1525 2396 et
1556 2369 1681 2410 quein

262 2427 474 2482 attingere
519 2427 661 2482 eupit,
704 2441 786 2468 non
833 2427 957 2469 facile
1001 2427 1053 2468 de
1098 2427 1166 2468 via
1208 2427 1443 2473 aberrabit:
1488 2429 1552 2470 sin
1588 2430 1682 2485 quis

263 2501 511 2544 ambulandi
545 2502 687 2557 potius
720 2517 847 2545 eausa
877 2517 1071 2558 egressus
1104 2509 1192 2555 est,
1226 2517 1310 2558 quo
1337 2503 1483 2544 tendat
1508 2504 1577 2545 vix
1601 2505 1681 2545 sihi

263 2575 482 2629 conscius,
517 2576 749 2619 identidem
784 2577 835 2619 de
867 2578 1021 2618 semita
1044 2577 1207 2619 videbis
1229 2577 1450 2619 deflectere
1474 2586 1519 2619 ut
1539 2579 1680 2621 tlorein

266 2657 431 2708 carpat,
471 2651 537 2694 vel
570 2651 672 2694 dum
705 2656 801 2694 aera
832 2658 872 2694 et
908 2653 1043 2694 nubes
1075 2653 1392 2708 contemplatui·
1424 2653 1681 2699 subsistere.

268 2728 424 2770 interea
459 2727 551 2769 viae
583 2742 690 2783 quae
724 2728 907 2770 tenenda
940 2735 1026 2770 erat
1063 2743 1195 2783 paene
1229 2728 1424 2769 oblitum.
1471 2729 1540 2770 Sic
1566 2731 1682 2772 nulla

269 2817 445 2857 persona
497 2803 727 2859 Euripiden
775 2804 816 2845 in
865 2819 906 2845 re
955 2813 1042 2846 tani
1090 2805 1209 2857 gravi
1260 2804 1322 2845 vel
1375 2812 1460 2845 tani
1496 2806 1683 2860 ancipite

313 2903 319 2922 ¹
370 2903 518 2934 Plautino
540 2904 608 2935 loeo
632 2905 670 2935 de
695 2905 812 2934 scurris
836 2914 941 2935 <erum
964 2912 1022 2935 est.
1067 2904 1239 2935 ‘l'rinnnim
1278 2915 1311 2931 υ
1345 2905 1409 2934 205
1432 2913 1487 2944 sqq
