1956 3346
684 590 1246 641 SUMMARIUM.

249 849 613 897 PRooEMiUM
624 879 1343 890 .........................
1355 862 1451 904 pag.
1508 852 1588 890 1-
1621 853 1668 890 4.

440 928 581 959 Divona
611 925 779 956 hominum
802 925 926 962 studia,
949 924 1024 955 hinc
1047 930 1159 956 vetera
1180 925 1374 963 colentium,

395 988 483 1018 illine
505 996 592 1016 nova
614 984 822 1021 sectantium,
847 984 944 1015 etiam
967 984 1055 1024 apud
1077 984 1226 1024 antiquos
1250 985 1373 1025 conspi-

396 1057 457 1078 cua
479 1056 554 1087 pag.
581 1047 595 1077 1
620 1054 705 1085 sqq.;
729 1043 897 1084 speciatim
921 1043 953 1073 in
976 1042 1194 1074 simultatibus
1212 1053 1291 1084 quas
1303 1054 1375 1074 cum

396 1105 555 1146 Euripide
577 1103 724 1135 exercuit
746 1102 989 1143 Aristophanes
1013 1112 1088 1143 pag.
1113 1103 1133 1133 3
1157 1113 1202 1143 sq.

248 1192 443 1234 CAPUT
478 1191 508 1231 Ι.
576 1190 640 1230 De
685 1188 826 1230 causis
872 1187 959 1229 odii
992 1187 1298 1242 Aristophanis
1328 1189 1371 1229 in

548 1263 798 1319 Euripidem
803 1295 1372 1305 ....................
1390 1286 1406 1303 a
1503 1267 1645 1308 5—-12
1658 1299 1667 1308 .

437 1351 605 1390 Quantum
639 1348 686 1379 illi
722 1348 831 1379 indole
864 1358 883 1379 a
917 1358 951 1379 se
985 1347 1126 1378 invicem
1153 1348 1376 1389 discreparent

394 1421 467 1451 pag.
490 1410 511 1439 5
534 1419 600 1449 sqq.
625 1408 720 1448 Reip.
745 1417 864 1448 anceps
887 1407 1028 1438 conditio
1051 1418 1125 1449 pag.
1148 1408 1179 1440 7.
1203 1408 1271 1440 Cur
1295 1409 1373 1441 Ari-

392 1470 566 1510 stophanes
589 1469 664 1500 odio
687 1468 821 1499 haberet
836 1468 997 1508 sophistas
1014 1473 1046 1498 et
1063 1467 1214 1499 rhetores
1230 1479 1262 1509 p.
1277 1469 1297 1499 8
1309 1478 1375 1509 sq.;

395 1528 546 1569 Euripidi
569 1527 715 1558 infensus
738 1536 796 1568 per
819 1532 920 1557 totam
943 1528 1044 1558 vitam
1068 1537 1144 1568 pag.
1167 1529 1206 1565 9,
1222 1537 1282 1558 nec
1293 1528 1375 1559 lenis

393 1589 423 1619 in
447 1588 497 1618 ira
518 1596 594 1627 pag.
621 1587 658 1618 10
682 1596 729 1626 sq.
754 1585 935 1626 Utriusque
959 1586 1077 1626 scripta
1092 1596 1214 1627 magna
1226 1597 1269 1618 ex
1281 1595 1373 1628 parte

392 1647 561 1687 deperdita
585 1657 658 1687 pag.
686 1647 733 1677 ll.
758 1645 920 1677 Materiae
942 1646 1058 1676 divisio
1080 1656 1154 1687 pag.
1181 1648 1230 1678 12.

245 1734 441 1777 CAPUT
475 1734 531 1774 ΙΙ.
598 1733 826 1788 Euripides
859 1732 983 1782 ἄθεος
1001 1765 1368 1775 .............
1387 1755 1402 1774 n
1473 1736 1664 1777 13—38.

285 1820 302 1857 ἓ
330 1820 360 1849 l.
392 1817 476 1853 Quid
498 1817 735 1856 Aristophanes
758 1819 820 1847 hae
847 1818 886 1849 de
909 1826 945 1848 re
970 1818 1108 1855 dixerit,
1133 1827 1204 1857 pag.
1239 1818 1374 1849 13—20.

436 1876 545 1907 Pietas
557 1875 811 1907 Atheniensium
824 1876 993 1916 cujusnam
1008 1881 1094 1907 esset
1106 1876 1229 1907 farinae
1237 1886 1266 1916 p.
1281 1877 1371 1918 lsssq.

394 1935 648 1976 Aristophanem
676 1945 735 1966 suo
757 1937 852 1966 modo
884 1945 943 1976 pro
966 1935 1127 1976 religione
1144 1942 1282 1967 certasse
1299 1946 1372 1977 pag.

396 1997 433 2027 14
442 2005 509 2036 sqq.
523 1994 667 2026 Nubium
679 1994 788 2025 fabula
810 2004 873 2026 non
898 1996 993 2025 modo
1018 1995 1184 2027 Socratem
1207 1996 1371 2027 sedetiam

392 2055 583 2095 Euripidem
607 2055 673 2095 peti
696 2065 771 2095 pag.
801 2056 838 2086 16
861 2064 930 2095 sqq.

284 2118 300 2154 ξ
322 2116 356 2146 2.
391 2115 443 2145 An
460 2115 537 2154 jure
558 2115 790 2154 Aristophanes
813 2115 863 2146 ita
887 2115 1039 2153 senserit,
1063 2125 1136 2156 pag.
1159 2116 1298 2148 20—23.

433 2174 607 2214 Euripides
630 2184 746 2206 revera
768 2174 951 2206 incredulus
980 2184 1055 2216 pag.
1078 2176 1136 2213 20;
1159 2175 1291 2216 mythos
1314 2185 1356 2207 ex

389 2233 527 2273 plicabat
550 2242 591 2263 ex
616 2233 748 2273 physica
772 2243 846 2273 pag.
870 2235 929 2271 21;
952 2235 1092 2266 candore
1115 2235 1247 2266 carebat
1270 2245 1300 2275 p.
1318 2236 1371 2266 22.

283 2294 356 2332 §3.
390 2293 553 2328 Quantum
589 2293 754 2331 Euripidis
788 2293 939 2331 impietas
973 2293 1045 2333 ejus
1069 2294 1250 2333 tragoediis
1273 2303 1369 2325 nocu-

391 2353 464 2390 erit,
488 2361 562 2392 pag⁴
587 2352 725 2383 23-33.

433 2412 619 2451 Tragoedia
652 2411 765 2442 Attica
799 2421 873 2441 cum
908 2411 1068 2452 religione
1090 2420 1177 2442 arcte
1201 2411 1372 2452 conjuncta

391 2472 529 2511 pag.23.
548 2471 695 2508 Reginae
715 2471 946 2501 Aristotelicae
966 2471 1040 2502 ibid.
1065 2472 1226 2503 Moralem
1245 2478 1369 2512 tragoe-

387 2531 460 2561 ‹liae
484 2530 577 2560 finem
602 2530 663 2560 diis
686 2530 822 2561 sublatis
846 2540 909 2561 non
935 2540 1026 2571 posse
1049 2531 1166 2571 attingi
1186 2541 1258 2572 pag.
1270 2532 1314 2562 24
1326 2541 1371 2572 sq.

391 2589 578 2630 Euripidem
613 2600 645 2620 sc
678 2589 738 2619 diis
774 2590 907 2620 eredere
942 2590 1110 2620 simulasse
1145 2600 1219 2630 pag.
1242 2591 1284 2620 25
1307 2600 1369 2631 sq.;

389 2649 552 2680 interdum
593 2656 700 2679 tamen
741 2649 920 2689 prodidisse
961 2649 1037 2689 quid
1078 2659 1194 2680 revera
1234 2650 1369 2680 sentiret

390 2720 462 2749 pag.
485 2710 527 2740 26
550 2718 619 2749 sqq.
645 2708 717 2740 Diis
742 2707 771 2738 in
797 2709 941 2739 dramate
965 2708 1098 2739 nimium
1125 2708 1232 2739 locum
1255 2709 1368 2739 tribuit

390 2777 466 2808 pag.
490 2769 543 2805 29,
566 2767 649 2807 quod
673 2766 827 2807 probatur
851 2776 893 2797 cx
919 2766 1035 2798 Oreste
1058 2777 1131 2806 pag.
1155 2767 1208 2800 30.
1234 2776 1274 2798 ex
1295 2767 1366 2798 Ele-

390 2835 457 2858 cmi
493 2837 565 2867 pag.
604 2829 656 2860 31,
690 2833 721 2857 et
751 2836 792 2857 ex
820 2826 1051 2857 Andromache
1076 2836 1149 2866 pag.
1173 2827 1223 2857 32.
1251 2827 1369 2857 Divina

390 2887 629 2927 omnipotentia
651 2892 683 2917 et
706 2886 874 2916 hominum
898 2886 1032 2916 libertas
1056 2896 1130 2925 pag.
1154 2887 1196 2916 32
1219 2898 1252 2925 sq
