1956 3346
890 200 943 235 49

203 315 311 357 ricae
345 315 514 358 Athene
547 332 595 357 ex
623 332 745 358 scena
765 318 998 372 alloquitur
1017 319 1209 358 (n-esteni
1238 333 1318 358 non
1345 328 1625 372 praesentem.

204 405 256 432 ne
280 390 557 444 conspicuum
576 391 765 446 quidem,
787 393 859 433 sed
884 406 1006 446 quem
1030 392 1172 446 prm-ul
1200 392 1239 433 in
1267 408 1445 447 aequor«-
1470 394 1625 433 >einins

202 465 427 519 navigare:

411 540 547 588 κλύεις
578 542 660 596 γὰρ
692 540 834 590 αὐδήν,
865 546 1007 596 καίπερ
1039 544 1087 582 οὐ
1118 544 1274 596 παρών,
1307 544 1414 590 (lefw-

200 620 326 661 Hunc
361 634 528 662 versum
567 621 668 667 ideo,
694 622 864 663 Athene
898 621 1082 676 profert,
1125 628 1170 662 ut
1210 637 1256 661 ea
1295 636 1402 675 quae
1435 621 1625 676 proxime

197 702 455 750 sequuntur,
490 696 542 737 ad
578 696 770 739 Orestem
806 695 1067 751 pertinentia
1100 705 1142 736 et
1177 695 1218 735 in
1243 695 1511 737 Athenarum
1530 696 1623 750 glo-

198 769 304 811 riam
338 770 506 823 addita,
539 770 762 813 commode
795 771 963 826 possint
995 770 1200 820 enarrari3
1240 770 1312 812 sed
1350 778 1437 812 tam
1471 771 1622 812 mirum

197 844 439 898 fictionem,
488 846 674 888 comicae
723 846 871 888 itidem
912 860 1063 887 scenae
1103 846 1285 887 fortasse
1325 846 1621 888 accommoda-

197 926 285 961 tam
312 920 340 973 ¹,
371 920 466 976 quis
501 920 651 976 probet
671 923 714 962 ²?
761 920 856 963 Non
890 920 1051 976 majore
1077 921 1203 963 laude
1220 920 1354 976 digna
1374 921 1481 962 mihi
1505 921 1622 962 vide-

196 999 265 1036 tur
305 994 464 1051 frigida
494 995 708 1048 sollertia,
744 1010 828 1051 qua
860 1002 987 1051 poeta
1020 995 1063 1036 in
1099 996 1200 1037 Ione
1234 1001 1379 1037 narrat
1408 996 1621 1051 quomodo

194 1070 447 1126 crepundia,
492 1085 567 1126 per
609 1085 717 1126 quae
753 1070 928 1126 juvenis
964 1071 1228 1126 agnoscitur,
1268 1071 1429 1113 intacta
1462 1070 1621 1113 fuerint

194 1145 247 1188 ab
278 1146 483 1201 Apolline
516 1152 684 1188 servata
703 1149 741 1196 33
777 1151 1013 1202 praestaret
1031 1146 1083 1189 de
1099 1161 1148 1188 ea
1170 1161 1214 1188 re
1230 1147 1618 1189 omninotacuisse.

195 1220 340 1262 Etiam
386 1220 631 1274 columbae,
677 1235 751 1276 per
792 1236 897 1277 quas
931 1220 1138 1263 nefarium
1175 1220 1358 1263 Creusae
1390 1221 1619 1264 eonsilium

193 1295 431 1351 detegitur,
479 1310 573 1338 meo
620 1311 747 1338 sensu
795 1297 967 1349 longius
1009 1313 1030 1338 a
1073 1307 1198 1352 poeta
1242 1304 1343 1338 sunt
1377 1297 1617 1339 arcessitae.

194 1372 245 1413 In
281 1371 451 1413 Electra
483 1385 651 1426 quoque
683 1371 977 1426 compluscula
1007 1376 1110 1413 sunt
1127 1376 1390 1428 πανουργίας
1409 1371 1616 1427 exempla.

196 1446 342 1488 Primo
389 1445 481 1488 1000
527 1446 609 1488 huc
653 1446 787 1488 refero
831 1446 1031 1489 heroiuae
1076 1446 1250 1489 fictitias
1294 1461 1389 1489 cum
1421 1448 1620 1502 Anturgo

194 1521 384 1577 nuptias.
441 1520 642 1578 Tragicae
685 1536 809 1577 porro
850 1521 1056 1577 gravitati
1095 1536 1246 1577 parum
1285 1528 1617 1564 consentaneum

191 1596 300 1639 duco
339 1600 474 1638 artem
514 1610 599 1652 qua
637 1596 978 1652 Agamemnonis
1024 1596 1147 1639 liberi
1191 1602 1375 1639 utuntur
1408 1604 1454 1638 ut
1487 1597 1619 1653 Aegi-

191 1671 338 1714 sthum
357 1671 642 1728 inprimisque
657 1672 1045 1726 Clytaemnestram
1065 1673 1185 1714 nullo
1204 1676 1428 1728 praesente
1445 1673 1621 1714 custode

191 1754 412 1803 occupent.
466 1747 615 1803 Neque
648 1747 771 1790 video
803 1762 876 1790 cur
908 1748 1108 1801 cicatrix,
1132 1763 1215 1804 qua
1232 1748 1346 1803 apud
1367 1747 1619 1803 Euripidem

192 1822 365 1866 Orestes
400 1823 599 1865 Electrae
620 1823 826 1877 notescit,
852 1829 1074 1878 tantopere
1097 1828 1285 1879 praestet
1313 1823 1526 1875 cincinno,
1547 1838 1618 1864 ve-

190 1898 332 1954 stigiis
363 1903 406 1940 et
435 1903 568 1951 veste,
602 1912 710 1953 quae
738 1898 780 1939 in
800 1897 980 1940 eundern
999 1912 1123 1940 nsum
1144 1897 1340 1939 adhibuit
1362 1897 1615 1952 Aeschylus,

191 1973 351 2016 idcirco
384 1973 437 2014 ab
473 1972 680 2028 Euripide
713 1972 870 2014 salsius
905 1987 1033 2028 quam
1059 1972 1235 2028 dignius
1259 1973 1424 2014 derisus
1443 1975 1470 2014 ⁴.
1508 1971 1619 2023 Quid

235 2067 243 2087 ¹
270 2068 316 2100 Ut
340 2068 373 2099 in
397 2067 506 2100 Plaut.
529 2067 700 2109 Amphitr.
725 2076 772 2100 vs.
797 2067 861 2101 976
882 2077 930 2109 sq.
953 2068 1086 2110 Jupiter
1111 2068 1273 2110 loquitur:

445 2127 542 2158 Nunc
564 2131 600 2157 tu
623 2126 739 2158 divine
764 2126 808 2157 mi
833 2127 896 2158 huc
920 2126 971 2158 fac
995 2127 1079 2158 adsis
1104 2127 1214 2162 Sosim

448 2186 539 2216 nudis
560 2195 643 2226 quae
666 2187 754 2222 dico,
779 2186 909 2218 tametsi
934 2196 1087 2228 praesens
1111 2196 1176 2217 non
1200 2187 1294 2217 ades.

189 2245 316 2277 Saltem
352 2244 404 2276 hic
437 2246 518 2276 deus
552 2245 756 2282 Mercurius,
790 2255 853 2276 non
891 2256 968 2276 vei-o
990 2252 1027 2277 ut.
1050 2246 1081 2276 in
1105 2246 1271 2287 Euripidis
1294 2246 1364 2277 ioco
1389 2246 1486 2277 homo
1502 2247 1620 2278 dicitur

185 2304 298 2336 audire
319 2313 338 2335 e
359 2303 539 2345 longinquo
560 2305 705 2336 divinam
730 2314 854 2336 vocem.

232 2362 246 2383 ²
268 2364 371 2395 Plane
394 2363 481 2394 aliud
505 2371 568 2401 est,
591 2373 691 2404 quum
715 2364 850 2396 Athene
873 2364 992 2396 dicitur
1016 2364 1168 2397 Orestem
1194 2365 1244 2396 vel
1269 2375 1286 2396 e
1303 2365 1481 2406 longinquo
1497 2365 1618 2399 audire.

189 2424 308 2455 Aesch.
340 2424 479 2455 Eumen.
506 2433 552 2454 vs.
577 2424 661 2461 297,
686 2424 764 2465 quia

598 2482 687 2514 κλύει
711 2482 742 2514 fi
771 2484 823 2513 καὶ
855 2483 1026 2523 πρόσωθεν
1052 2483 1099 2514 ὧν
1122 2484 1207 2520 θεὸς.

231 2540 245 2561 ³
269 2541 339 2574 Ion.
364 2551 412 2572 vs.
439 2541 668 2582 1391-13943
696 2542 918 2574 1433—1436.

229 2602 241 2621 ⁴
266 2601 387 2633 Electr.
410 2611 458 2634 vs.
482 2602 667 2633 508—546.
699 2602 845 2634 “Unicus
868 2609 982 2643 poetae
1005 2611 1121 2643 scopus
1143 2608 1192 2633 est
1218 2602 1424 2643 Aeschylum
1448 2602 1582 2633 irridere
1599 2602 1617 2610 “’

189 2661 407 2702 (Musgmve.)
442 2662 618 2703 Euripides
642 2662 802 2703 spectavit
827 2662 984 2703 Aeschyli
1015 2663 1046 2693 in
1069 2661 1276 2702 Cho'ephoris
1300 2670 1417 2692 versus
1435 2661 1615 2692 168-180.

186 2721 376 2758 205-210,
408 2721 468 2753 231
496 2731 543 2763 sq.
582 2721 673 2753 Vere
703 2721 906 2763 Schlegelius
939 2721 1051 2760 (Vorl.
1074 2721 1153 2753 iiber
1176 2722 1279 2752 dmm.
1304 2722 1414 2753 Kunst
1436 2730 1466 2751 u.
1490 2720 1555 2752 Lit.
1582 2720 1612 2751 1⁴³

188 2789 218 2820 p.
240 2780 319 2819 235)
341 2780 381 2811 de
404 2779 466 2811 hoc
484 2779 560 2820 joco
582 2790 697 2822 parum
720 2788 906 2822 opportuno
922 2781 1090 2812 observat:
1117 2780 1188 2811 “die
1205 2779 1485 2811 ausui-ueniebam
1506 2779 1613 2811 Riick-

187 2837 290 2869 ‘'sicht
309 2838 370 2869 auf
388 2839 460 2870 eine
484 2840 585 2871 andro
608 2839 829 2880 Behandlung
847 2840 1015 2871 desselben
1029 2839 1275 2880 Gegenstandes
1291 2839 1332 2869 ist
1347 2839 1404 2869 das
1421 2839 1613 2872 storendste.

187 2897 319 2928 “ficinen-
343 2897 458 2929 Poesie
483 2897 668 2935 fremdeste‚
693 2908 759 2930 was
783 2908 816 2930 es
840 2899 943 2936 geben
968 2898 1087 2930 kunn.''

1409 2962 1429 2996 ⁴
