1956 3346
808 552 1037 602 CAPUT
1079 554 1134 600 Υ.

618 678 847 728 Elilill‘wEs
882 698 922 727 ΙΝ
957 699 1089 727 sci-:NA
1130 699 1308 727 tuncTun.

313 915 441 956 Arete
485 927 581 955 cum
635 913 706 955 illa
740 914 975 969 sapientiae
1001 914 1238 968 jactatione
1271 913 1465 954 cohaeret
1498 913 1677 954 alterum

254 987 476 1044 Euripidis
524 987 700 1040 vitium,
751 989 804 1030 ab
845 988 1135 1043 Aristophane
1180 987 1457 1029 inclementer
1505 987 1679 1042 perstri-

251 1070 388 1106 ctum:
443 1063 557 1118 quod
602 1063 698 1118 plus
733 1078 866 1119 aequo
899 1063 986 1119 egit
1027 1071 1249 1105 oratorem.
1317 1062 1374 1104 Et
1408 1062 1474 1104 hic
1507 1062 1678 1117 quidem

252 1139 528 1193 pervenimus
591 1139 642 1180 ad
701 1139 826 1194 longe
884 1138 1184 1194 gravissimam
1235 1138 1575 1190 accusationem,
1631 1152 1681 1178 ne

251 1213 446 1269 ἀσεβείας
489 1213 661 1269 quidem
694 1214 871 1256 crimine
905 1214 1132 1265 leviore-111,
1168 1214 1220 1254 ad
1243 1228 1389 1255 verum
1412 1212 1574 1255 fontem
1594 1212 1677 1253 odii

253 1288 363 1343 qnod
411 1289 598 1330 comicus
641 1288 843 1330 adversus
892 1289 1100 1343 tragicum
1147 1289 1334 1343 gerebat.
1404 1288 1512 1329 Nam
1549 1301 1679 1343 quum

250 1379 298 1405 ea
341 1378 448 1419 quae
493 1364 618 1406 modo
669 1364 946 1406 tractavimus
996 1364 1239 1419 pertineant
1283 1364 1335 1405 ad
1376 1363 1591 1417 judiciuin
1630 1362 1681 1403 (lc

250 1438 469 1493 Euripidis
509 1439 714 1481 facultate
746 1439 935 1494 poetica,
972 1440 1048 1480 hoe
1072 1439 1244 1480 nomine
1263 1437 1679 1493 Aristophanivisus

249 1519 315 1554 est
351 1519 570 1568 corruptor
595 1513 840 1568 Juventutis
874 1519 917 1555 et
949 1528 1082 1568 paene
1115 1513 1304 1554 civitatis
1339 1512 1560 1567 pernicies.

309 1587 632 1631 Valckenarius
677 1589 720 1630 in
753 1589 937 1644 quodam
972 1589 1112 1644 eapite
1145 1588 1385 1643 praeclarae
1419 1588 1537 1629 illius
1574 1587 1678 1628 Dia-

253 1664 384 1706 tribes
434 1664 523 1719 egit
565 1664 616 1706 de
655 1664 790 1706 abusu
831 1664 1101 1719 eloquentiae
1145 1664 1259 1719 apud
1304 1663 1497 1713 Atticos,
1533 1669 1574 1705 et
1607 1677 1681 1718 per

250 1738 408 1781 multos
456 1739 568 1781 locos
602 1754 653 1781 ex
679 1738 898 1795 Euripidis
922 1739 1081 1782 fabulis
1103 1739 1257 1782 allatos
1276 1739 1467 1781 evincere
1489 1737 1677 1789 studuit,

251 1828 347 1856 eum
390 1814 560 1855 nemine
594 1813 768 1869 segnius
800 1814 1063 1870 improbasse
1096 1814 1221 1856 illum
1259 1814 1442 1856 abusum
1470 1814 1494 1854 ¹.
1563 1812 1678 1853 Num

249 1903 346 1931 vero
402 1888 500 1930 inde
547 1889 752 1944 sequitur,
803 1888 959 1944 injuria
1003 1904 1100 1931 eum
1152 1889 1204 1930 ab
1253 1888 1543 1943 Aristophane
1587 1902 1679 1929 esse

249 1965 471 2006 taxatum?
546 1963 642 2005 Non
679 1973 794 2018 puto.
847 1964 957 2007 Nam
991 1971 1039 2006 ut
1071 1965 1294 2017 omittam,
1330 1978 1412 2005 non
1448 1962 1552 2005 satis
1586 1978 1678 2004 esse

249 2039 413 2095 aliquot
444 2039 508 2081 loc
527 2053 573 2082 os
605 2039 890 2082 sententiosos
923 2039 1133 2094 proferre,
1169 2048 1214 2082 ut
1247 2039 1398 2095 probes
1426 2037 1676 2094 Euripidem

250 2115 518 2158 abstinuisse
559 2130 584 2158 a
625 2115 739 2157 malo
771 2115 995 2157 facundiae
1028 2130 1131 2168 usu,
1165 2123 1207 2156 at
1241 2129 1325 2156 non
1358 2114 1517 2155 abusus
1551 2113 1676 2154 modo

249 2191 322 2232 sed
374 2192 462 2246 ipse
509 2191 770 2246 frequentior
818 2205 920 2233 usus
953 2190 1222 2246 eloquentiae
1245 2191 1416 2232 ,comico
1450 2189 1675 2230 videbatur

294 2387 299 2406 ¹
347 2387 517 2428 Frigidam
547 2388 688 2429 gratiam
713 2397 764 2420 me
788 2388 943 2420 initurum
967 2394 1130 2429 putarem,
1156 2389 1183 2420 si
1211 2388 1296 2419 locos
1320 2388 1392 2418 illos
1417 2387 1633 2418 describerem
1659 2397 1675 2415 e

250 2445 461 2477 Valckenarii
495 2447 663 2479 notissimo
697 2457 805 2489 opere.
853 2448 967 2480 Unum
1002 2448 1136 2485 addam,
1170 2457 1234 2478 non
1267 2447 1307 2478 ab
1335 2457 1374 2478 eo
1403 2446 1554 2482 allatum,
1577 2454 1673 2486 quein

247 2503 390 2545 legimus
413 2505 499 2546 apud
523 2505 737 2538 Plutarchum
762 2506 880 2538 Moral.
905 2517 977 2548 pag.
1002 2508 1066 2538 5:39
1090 2507 1129 2541 Β.
1149 2507 1200 2537 ubi
1219 2506 1394 2547 Euripides
1411 2506 1533 2536 civium
1548 2505 1674 2535 dicendi

248 2563 423 2596 lubidinem
448 2565 480 2596 in
505 2565 589 2597 hunc
612 2567 744 2597 modum
768 2566 920 2607 corripit:

547 2640 573 2671 εἰ
596 2640 622 2672 δ’
647 2641 733 2679 ἦσαν
756 2640 983 2681 ἀνθρώποισιν
1006 2642 1126 2679 ὠνητοὶ
1151 2641 1263 2682 λόγοι,

549 2698 653 2736 οὐδεὶς
678 2699 720 2730 ιὶν
743 2698 850 2730 αὐῑὸν
873 2699 906 2730 εὖ
928 2699 1036 2740 λέγειν
1060 2698 1231 2738 ἐβούλετο.

550 2759 611 2789 νῦν
635 2757 673 2796 δ’,
698 2758 730 2788 lx
752 2756 892 2797 βαθείας
917 2759 979 2798 γὰρ
1005 2758 1164 2798 πάρεστιν
1188 2757 1318 2796 αἰθέρος

549 2815 671 2855 λαβεῖν
694 2816 826 2856 ἀμισθί,
853 2817 919 2853 πᾶς
943 2828 992 2853 τις
1017 2815 1124 2854 ἣδεται
1147 2816 1254 2857 λέγων

550 2874 588 2904 τὰ
614 2872 640 2904 τ’
666 2873 748 2905 ὄντα
774 2876 825 2905 καὶ
850 2874 905 2914 μὴ·
932 2875 1052 2914 ζημίαι·
1078 2875 1138 2914 γὰρ
1164 2874 1220 2904 οιίκ
1244 2874 1319 2913 ἔχει.
1337 2873 1547 2913 ‹frag111.9(38
1560 2873 1674 2909 Diudq

1435 2935 1489 2972 5·
