1925 3377
901 206 925 239 ⁴.»

201 321 432 374 sentiebat,
468 321 541 363 sed
575 322 641 363 hic
675 336 842 377 quoque
875 322 1102 364 resistebat
1122 323 1322 364 omnibus
1348 323 1627 366 novitatibus.

201 400 249 437 ut
281 396 466 451 patrium
500 396 664 438 cultum
698 397 871 439 deorum
909 398 1123 453 integrum
1159 405 1355 440 servaret.

259 470 302 513 Si
351 471 444 526 quis
495 476 638 513 autem
691 472 766 513 hae
812 473 852 513 in
899 488 940 514 re
986 473 1319 528 Aristophanem
1362 488 1511 528 parum
1547 474 1625 515 sibi

201 547 446 588 constitisse
487 553 679 599 censeat,
727 562 858 603 quum
906 563 958 590 ex
1002 548 1134 603 ipsius
1180 548 1350 604 scriptis
1383 549 1627 604 collegerit,

202 628 290 663 tam
324 621 473 663 leviter
505 623 686 686 eumlde
720 623 801 664 diis
835 623 1046 679 cogitasse
1080 630 1126 664 ut
1170 624 1240 665 vix
1264 623 1534 679 intelligatur
1556 639 1629 666 cur

202 710 352 751 operae
398 696 583 752 pretium
635 697 830 739 habuerit
871 712 946 752 pro
980 697 1030 738 iis
1067 698 1109 738 iu
1144 713 1315 740 arenam
1350 699 1628 752 descendere,

202 772 279 814 hoc
313 772 438 813 velim
473 787 615 814 secum
649 778 837 828 reputet:
879 773 1043 815 cultum
1077 773 1251 815 deorum
1285 774 1399 829 apud
1429 775 1629 830 antiquos

202 847 381 903 populos
424 853 588 904 partem
635 847 766 890 fuisse
804 848 1089 903 reipublicae,
1137 850 1195 890 ita
1229 858 1274 891 ut
1309 849 1551 906 quicunque
1586 851 1627 892 in

201 923 375 966 civitate
418 923 612 979 regunda
663 922 793 965 vellet
837 924 1011 980 antiqua
1067 925 1200 977 tueri,
1255 925 1494 967 necessario
1545 926 1630 968 fere

201 998 244 1039 in
278 998 484 1054 religione
516 1006 627 1040 esset
661 998 949 1049 orthodoxus3
986 1014 1120 1055 neque
1153 999 1517 1055 Aristophanem,
1553 1016 1629 1057 pro

202 1075 366 1130 ingenii
412 1074 632 1128 acumine,
679 1075 822 1130 potuit
866 1074 1022 1128 latere,
1072 1075 1386 1118 mutationibus
1426 1077 1469 1118 in
1504 1077 1628 1119 rebus

202 1150 332 1192 sacris
375 1150 511 1206 ipsam
560 1150 704 1205 tangi,
749 1156 791 1191 et
836 1164 962 1205 saepe
995 1151 1179 1203 concuti,
1215 1150 1462 1206 civitatem,
1497 1167 1629 1208 quum

202 1230 350 1267 contra
391 1225 590 1280 religiose
624 1233 817 1266 servatus
851 1225 993 1267 cultus
1028 1225 1230 1279 deorum,
1265 1226 1404 1282 qualis
1437 1242 1462 1268 a
1493 1228 1629 1282 patri-

202 1301 281 1343 bus
329 1301 387 1343 sit
429 1290 644 1353 traditus,
692 1300 955 1354 permultum
1005 1300 1195 1343 conferat
1242 1301 1294 1342 ad
1338 1301 1630 1345 confirmanda

202 1381 367 1417 caetera
399 1389 566 1431 quoque
599 1374 809 1429 majorum
846 1375 1059 1417 instituta.

262 1451 487 1492 Novitates
534 1450 666 1505 igitur
710 1450 1024 1506 Aristophanes
1070 1451 1181 1493 male
1214 1466 1390 1506 exosus,
1426 1468 1450 1495 a
1483 1453 1628 1509 sophi-

203 1532 366 1569 starum
394 1526 599 1569 doctrinis
632 1527 897 1568 abhorrebat.
953 1527 1183 1582 Euripides
1204 1542 1316 1582 vero,
1337 1529 1408 1583 qui
1429 1537 1630 1585 utrasque

204 1602 459 1658 sequebatur
503 1607 546 1643 et
577 1601 873 1656 profitebatur,
907 1601 996 1657 ejus
1024 1601 1189 1656 judicio
1222 1603 1401 1657 signifer
1432 1612 1522 1646 erat
1553 1604 1629 1646 ho-

204 1678 370 1719 minum
404 1691 515 1719 nova
545 1676 820 1718 molientium
852 1685 895 1718 et
917 1677 1100 1732 patriam
1124 1677 1239 1720 brevi
1259 1678 1574 1733 perditurorum
1598 1682 1623 1721 ¹.

207 1753 334 1794 Hunc
378 1751 512 1807 igitur
542 1751 820 1806 promachum
854 1758 902 1793 ut
934 1752 1195 1806 opprimeret
1226 1753 1427 1795 erunibus
1467 1753 1629 1796 viribus

205 1828 324 1871 nisus
357 1832 444 1881 est,
477 1832 520 1868 et
552 1826 595 1867 in
628 1841 676 1868 eo
709 1827 956 1869 lacessendo
990 1826 1113 1868 valde
1146 1827 1230 1869 fuit
1252 1828 1460 1883 pertinax.
1527 1830 1628 1872 ‹Jam

207 1904 248 1945 in
263 1903 403 1960 prima
418 1902 533 1944 enim
550 1901 866 1943 comoediarum
882 1915 989 1956 quae
1008 1901 1061 1943 ad
1079 1916 1154 1943 nos
1170 1912 1453 1956 pervenerunt
1467 1904 1480 1925 ²
1504 1904 1630 1946 Euri-

204 1979 348 2036 pidem
382 1982 500 2020 tenet
529 1982 770 2032 arreptum,
811 1991 946 2033 neque
976 1992 1050 2032 per
1083 1977 1240 2032 viginti
1272 1993 1406 2021 annos
1440 1993 1627 2035 unquam

205 2056 385 2097 missum
418 2052 541 2103 feeit3
576 2052 680 2108 quin
715 2051 856 2093 “iram
890 2051 1010 2094 illam
1031 2052 1314 2108 capitalem,'’
1339 2053 1405 2095 vel
1427 2055 1629 2096 aeriorem

205 2146 334 2187 quam
366 2143 474 2185 quae
507 2127 590 2169 fuit
624 2127 735 2169 inter
768 2126 1015 2169 Priamiden
1040 2132 1083 2170 et
1104 2127 1343 2182 Achillem,
1369 2145 1422 2171 ne
1446 2131 1631 2173 “ultima

206 2206 380 2262 quidem
426 2219 540 2247 mors
587 2204 786 2253 divisit;”
831 2218 1051 2259 nunquam
1103 2204 1450 2248 enim-ferocius
1506 2207 1628 2248 velli-

206 2281 320 2324 cavit
364 2281 573 2337 tragicum
622 2294 750 2336 quam
794 2293 938 2321 recens
985 2284 1202 2321 mortuum
1237 2279 1279 2321 in
1313 2281 1521 2335 palmaria
1556 2283 1626 2324 illa

209 2358 425 2399 Ranarum
479 2354 708 2397 comoedia.
776 2354 973 2408 Scilicet,
1032 2369 1164 2410 quum
1204 2355 1309 2398 alios
1343 2357 1628 2412 adversarios,

252 2551 257 2565 ¹
285 2548 333 2580 Ut.
357 2554 428 2578 utar
453 2546 559 2578 verbis
585 2546 792 2582 Mommseni,
815 2546 1092 2587 sesquipedalibus
1116 2548 1172 2578 sed
1197 2554 1303 2579 tamen
1332 2558 1399 2579 rem
1425 2549 1505 2580 bene
1523 2551 1626 2591 expri

205 2608 383 2640 inentibus:
433 2607 624 2648 :Euripides
661 2607 700 2637 ist
734 2607 792 2637 der
826 2612 911 2637 erste
949 2607 1012 2637 und
1047 2606 1176 2638 oberste
1207 2608 1346 2648 Apostel
1370 2609 1428 2639 der
1452 2619 1555 2640 neuen
1579 2611 1629 2641 ‹lie

209 2669 290 2700 naue
322 2667 457 2698 attische
482 2666 819 2698 Volksthiimlichkeit
843 2666 1051 2697 autloscnden
1077 2666 1384 2707 kosmopolitisehcu
1409 2669 1630 2700 llunianiiur.''

205 2729 314 2763 (niun.
337 2727 454 2760 Gesch.
479 2726 491 2745 Γ·
517 2728 544 2764 Ι,
567 2737 640 2768 pag.
665 2727 756 2761 909.)

250 2787 262 2807 ²
287 2787 566 2818 Acharnonsibus.
612 2786 721 2817 Etiam
757 2786 789 2816 in
815 2786 986 2825 l‘roagone
1014 2785 1203 2825 Euripidem
1228 2786 1365 2826 empsim
1391 2788 1440 2817 vd.
1466 2788 1564 2818 schol.
1590 2789 1630 2819 ad

209 2848 308 2888 Vesp.
334 2848 385 2879 61.
434 2846 634 2887 A1u‹›ly‹·un1
660 2848 709 2882 (3).
735 2845 920 2877 Erechthea
934 2847 983 2884 (Ὺ),
1005 2845 1190 2886 Polyidum,
1208 2845 1447 2877 Phoenissawul
1464 2848 1632 2888 Euripidis

207 2906 416 2945 cognomines
441 2905 562 2936 fabulas
586 2905 779 2936 deridendus
802 2904 968 2944 svn-ipsum
995 2904 1117 2934 videtur
1143 2904 1392 2943 Aristophanes.
