1956 3346
996 203 1070 240 114

319 320 371 360 ab
412 319 614 374 Euripide
647 321 844 373 elegiacis
878 322 1068 363 versibus
1102 337 1327 377 expressa,
1361 324 1478 377 eujus
1515 326 1588 378 rei,
1613 340 1747 380 ‹pian-

320 399 413 435 tum
444 395 625 446 scimus,
659 409 782 436 nemo
815 401 914 436 ante
945 411 1042 437 eum
1071 402 1216 438 auctor
1246 398 1462 450 extiterat,
1490 414 1624 454 neque
1651 409 1743 454 post

321 482 416 510 eum
473 470 699 524 quisquam
751 470 920 512 videtur
978 470 1083 511 illud
1131 476 1313 512 metrum
1364 474 1548 524 tragicae
1601 490 1749 516 scenae

324 543 582 585 adhibuisse.

381 618 431 658 In
482 619 633 661 iambis
679 620 862 674 denique
910 620 1139 674 Euripides
1178 621 1288 662 idem
1320 622 1524 663 novitatis
1559 624 1747 664 studium

323 693 512 734 ostendit
531 693 643 748 quod
661 694 785 746 alibi,
805 709 928 749 aegre
948 727 957 747 ,
983 700 1031 736 ut
1051 695 1243 748 videtur,
1267 696 1428 737 ferente
1446 696 1749 750 Aristophane:

324 766 499 809 difficile
551 782 647 810 vero
701 784 752 810 ex
804 769 969 811 levibus
1031 770 1155 811 inodo
1182 769 1391 824 «vestigiis
1443 770 1605 825 aliquid
1650 771 1750 812 certi

324 841 535 896 colligere.
591 842 678 884 Vix
724 844 836 885 enim
872 844 1009 886 ullum
1043 845 1181 885 locum
1216 844 1408 886 invenias
1440 845 1512 886 ubi
1541 851 1754 887 structura

323 917 413 970 ejus
446 918 734 960 trimetrorum
762 919 814 960 ab
832 919 1119 974 Aristophane
1142 921 1456 975 perstringatur
1474 921 1555 961 nisi
1574 921 1754 962 sortasse

323 992 576 1047 Thesmoph.
628 1008 687 1035 vs.
728 996 810 1035 913
845 1009 904 1049 sq.
934 995 956 1035 ¹.
1006 995 1089 1036 Hic
1122 999 1263 1036 autern
1303 995 1407 1036 mihi
1441 996 1754 1050 deprehendere

322 1067 466 1108 videor
499 1068 728 1122 satyricam
765 1069 1051 1110 imitationem
1078 1069 1317 1111 iamborum
1342 1070 1579 1111 solutorum
1599 1071 1753 1125 quibus

329 1142 556 1196 Euripides
592 1143 835 1199 frequenter
863 1145 1010 1186 utitur.
1049 1144 1221 1186 Scilicet
1258 1159 1390 1199 quum
1425 1160 1569 1187 versus
1592 1145 1754 1200 Sopho-

325 1217 439 1258 cleus
489 1218 594 1260 fluat¹
638 1234 744 1273 puro
785 1219 1034 1261 simillimus
1077 1220 1221 1272 amni,
1264 1220 1414 1261 mixtis
1449 1220 1559 1261 inter
1592 1221 1754 1262 iambos

327 1293 527 1346 spondeis
577 1293 753 1348 multis,
809 1294 882 1336 sed
929 1309 1013 1335 non
1050 1294 1134 1335 nisi
1164 1299 1287 1335 caute
1319 1299 1362 1336 et
1393 1309 1516 1349 parce
1550 1295 1751 1336 admissis

323 1367 501 1422 pedibus
551 1368 809 1423 trisyllabis,
860 1369 1090 1424 Euripides
1135 1383 1159 1409 a
1191 1369 1348 1410 severis
1382 1375 1553 1423 patrum
1588 1369 1755 1424 legibus

324 1442 400 1484 hac
446 1458 612 1498 quoque
664 1445 703 1485 in
756 1449 875 1499 parte
924 1444 1028 1486 adeo
1062 1444 1237 1485 recessit
1269 1450 1331 1497 ut,
1370 1445 1411 1485 in
1448 1445 1754 1498 posterioribus

324 1517 476 1560 saltem
523 1518 680 1560 fabulis
703 1519 745 1572 ⁹,
784 1519 933 1561 Oreste
967 1519 1190 1574 inprimis,
1225 1519 1429 1574 permulti
1463 1519 1591 1573 pedes
1625 1518 1755 1560 trium

325 1592 585 1646 syllabarum
604 1595 892 1647 inveniantur,
924 1594 1186 1649 tribrachyes
1202 1601 1231 1647 3,
1252 1594 1411 1648 dactyli
1434 1596 1463 1647 4,
1488 1595 1706 1649 anapaesti
1726 1600 1753 1636 ⁵.

384 1667 479 1709 Non
529 1673 594 1710 est
642 1670 753 1724 quod
800 1670 1004 1711 miremur
1049 1670 1157 1710 hane
1202 1669 1423 1723 Euripidis
1459 1668 1756 1710 libertatemne

327 1742 463 1784 dicam
512 1758 564 1784 an
610 1744 852 1798 licentiam,
902 1759 998 1786 cum
1032 1759 1081 1786 ex
1116 1744 1263 1785 eodem
1289 1743 1409 1785 fonte
1440 1743 1613 1785 fluxerit
1644 1744 1757 1785 unde

328 1818 517 1872 profecta
561 1823 687 1873 sunt,
733 1820 767 1860 si
801 1833 885 1860 non
920 1820 1089 1873 omnia,
1125 1824 1169 1860 at
1201 1819 1401 1874 pleraque
1433 1823 1544 1860 certe
1577 1833 1682 1874 quae
1717 1819 1757 1859 in

328 1908 374 1933 eo
407 1893 658 1947 reprehendi
690 1898 874 1948 possunt
906 1900 949 1935 et
964 1894 1093 1935 bilem
1119 1900 1440 1934 commoverunt
1463 1893 1754 1948 Aristophani.

332 1968 557 2023 Euripides
591 1969 727 2022 enim,
762 1969 832 2024 qui
867 1970 1010 2024 potius
1045 1970 1190 2024 quales
1208 1975 1329 2010 erant
1346 1969 1605 2023 depingebat
1622 1968 1759 2010 homi-

330 2057 402 2085 nes
436 2058 564 2098 quam
598 2045 714 2093 οἵους
745 2042 820 2090 δεῖ,
852 2051 893 2085 et
926 2045 998 2099 qui
1032 2047 1154 2086 οἰκεῖα
1184 2045 1405 2100 πράγματα
1436 2046 1672 2098 εἶς-ἢγαγεν,
1694 2044 1759 2091 οἷς

330 2117 524 2174 χρώμεθ’,
555 2119 620 2166 οἷς
652 2116 899 2170 ἕῦυεσμειιῦ,
931 2118 973 2159 in
1020 2118 1158 2159 verbis
1193 2131 1359 2172 quoqne
1392 2116 1445 2158 ad
1477 2117 1610 2157 vitain
1643 2131 1759 2158 eom-

330 2208 503 2236 munem
537 2195 711 2249 propius
744 2194 942 2236 accedere
975 2193 1152 2235 studuit.
1193 2192 1316 2243 Quod
1346 2197 1554 2246 quantum
1582 2191 1761 2233 fortasse

331 2268 495 2310 confert
556 2269 608 2309 ad
655 2275 845 2309 exactam
906 2275 1082 2309 naturae
1145 2266 1452 2317 imitationem,
1507 2266 1759 2307 tantundem

375 2416 381 2435 ¹
409 2417 460 2448 De
484 2417 543 2447 hoe
565 2416 634 2447 loco
656 2423 808 2457 corrupto
832 2417 894 2447 vid.
919 2417 1003 2447 infra
1027 2417 1059 2446 in
1083 2416 1229 2455 catalogo
1254 2415 1457 2455 parodiarum
1482 2425 1555 2455 pag.
1586 2415 1654 2445 144.

374 2475 386 2494 ²
409 2477 491 2507 Post
513 2475 741 2516 Olympiadem
767 2475 966 2507 LXXXIX.

378 2534 390 2554 ³
415 2536 451 2566 Ε,
477 2545 507 2575 g.
532 2535 640 2566 Orest.
664 2545 710 2565 vs.
735 2535 813 2567 643:

637 2597 656 2625 ἂ
682 2594 707 2625 δ’
731 2595 851 2634 ἔλαβες
876 2594 1022 2631 ἀπόδος,
1050 2595 1177 2634 πατρὸς
1201 2594 1279 2633 ἐμοῦ
1304 2591 1423 2632 λαβὼν
1447 2592 1547 2631 πάρα.

380 2655 390 2672 ⁴
418 2655 453 2685 Ε.
479 2664 509 2691 51.
534 2654 641 2685 Orcst.
665 2663 714 2684 vs.
737 2655 796 2684 25:

636 2716 654 2752 ἢ
680 2718 779 2745 πόσιν
803 2714 928 2754 ἀπείρῳ
955 2711 1169 2753 περιβιιλοῐνσ’
1196 2710 1371 2752 ὑφάσματι.

380 2775 392 2794 ⁶
417 2775 467 2805 De
501 2774 682 2814 anapaestis
722 2773 908 2814 Euripideis
945 2773 1008 2803 vid.
1033 2772 1073 2804 G.
1105 2771 1221 2802 Herm.
1245 2770 1324 2810 prol.
1347 2770 1386 2800 ud
1414 2769 1578 2800 Hecubam
1603 2775 1633 2799 et
1659 2768 1767 2798 Elem.

342 2835 454 2864 Doctr.
482 2834 575 2864 Metr.
601 2842 675 2873 pag.
703 2833 762 2864 119
785 2841 853 2873 sqq.

383 2893 394 2912 ⁶
420 2894 539 2924 itamar.
564 2903 610 2923 vs,
633 2894 705 2925 959.
