1956 3346
909 192 982 231 152

281 314 406 353 Schol.
437 313 598 351 adnotat
626 313 765 364 respici
797 324 948 350 versum
978 323 1023 349 ex
1055 311 1290 362 Hypsipyle:

444 377 521 418 ἀνὰ
551 378 598 418 τὸ
631 374 980 431 δωδεκαμήχανον
1011 374 1178 431 ἄντρον.

283 438 422 477 suidas
463 439 503 476 in
548 450 639 476 VOCG
684 436 1034 493 δωδεκαμήχανον
1064 435 1182 474 habet
1212 437 1388 493 ἄστρον,
1419 449 1517 488 quae
1548 438 1662 477 lectio

229 501 476 554 praeferenda
506 500 678 547 videtur,
709 506 753 539 ut
785 500 831 539 de
861 501 935 538 sole
964 499 1107 538 dixerit
1136 498 1358 550 Euripides.

1199 579 1348 619 (Fragm.
1374 580 1438 612 755
1461 579 1576 619 Dind.)

284 732 392 772 Rau.
434 743 488 769 vs.
536 731 813 768 1331—1364.
857 751 908 757 --
939 728 1016 767 Hic
1042 728 1166 774 locus,
1199 728 1353 778 longior
1381 740 1499 779 quam
1529 733 1573 767 ut
1601 728 1665 767 de-

229 795 440 841 scribatur,
470 794 737 832 monodiarum
767 792 1069 843 Euripideaiwn
1098 791 1299 842 parodiam
1319 792 1505 830 continet.
1537 791 1663 830 Schol.

230 857 381 896 scribit:
425 860 551 913 φασὶν
595 859 652 906 ὡς
691 858 825 899 πάντα
865 861 990 899 ταῦτα
1030 856 1077 897 τὰ
1118 856 1192 903 ’έπη
1231 856 1270 897 ’ἐκ
1307 874 1421 904 τινος
1457 853 1666 911 δράματός

231 924 340 965 ἐστιν
383 918 622 978 Εὐριπίδου.
669 920 743 958 Ille
785 919 909 970 igitur
949 919 980 957 si
1025 918 1163 957 horum
1200 919 1444 968 singulorum
1486 931 1665 957 versuum

229 984 421 1035 originem
465 982 717 1034 Euripideam
759 982 931 1020 indicare
960 994 1038 1019 non
1068 981 1214 1033 potuit,
1246 981 1360 1020 nobis
1388 981 1429 1020 id
1457 994 1506 1020 110
1523 994 1665 1020 conan-

229 1048 323 1086 dum
366 1046 524 1097 quidem
567 1050 637 1085 est.
669 1046 743 1085 Sed
771 1058 1010 1096 quamquam
1040 1058 1174 1084 omnes
1202 1045 1306 1084 locos
1335 1045 1569 1096 Euripideos
1598 1046 1663 1096 qui

229 1111 291 1149 hic
335 1114 553 1160 tanguntur
594 1109 720 1160 digito
762 1112 980 1147 monstrare
1024 1120 1103 1147 non
1145 1121 1368 1159 possumus,
1417 1113 1548 1149 tamen
1588 1121 1666 1160 quo

228 1173 391 1212 consilio
431 1178 471 1211 et
499 1173 539 1210 in
570 1185 687 1223 quam
717 1171 953 1210 sententiam
983 1171 1129 1222 scripta
1158 1171 1208 1210 sit
1235 1171 1329 1209 haec
1360 1171 1537 1224 parodia,
1567 1172 1665 1210 benc

231 1237 321 1275 licct
349 1236 577 1287 perspicere.

285 1299 575 1339 Versiculorum
613 1298 806 1336 brevitate
836 1303 875 1336 et
902 1299 1076 1336 numeris
1105 1311 1218 1349 saepe
1247 1298 1409 1336 variatis
1439 1303 1552 1350 poeta
1582 1299 1668 1336 imi-

230 1368 336 1402 tatur
365 1362 568 1413 Euripidis
597 1362 797 1400 licentiam
814 1362 856 1400 in
876 1362 1117 1401 canticorum
1133 1363 1288 1408 metris3
1310 1362 1353 1400 in
1369 1362 1497 1401 verbis
1513 1374 1666 1413 quoque

229 1426 485 1477 Euripideum
525 1438 648 1476 genus
692 1425 847 1464 dicendi
890 1430 1086 1464 servatum
1131 1425 1324 1471 videmus;
1365 1430 1523 1464 notetur
1552 1425 1666 1464 modo

230 1490 328 1529 illud
347 1491 491 1546 ψυχὰν
511 1489 681 1546 ἄψυχον
700 1502 754 1528 vs.
780 1491 898 1536 1334,
922 1493 961 1527 et
981 1489 1114 1527 crebra
1135 1489 1411 1527 vocabulorum
1432 1489 1665 1539 geminatio,

229 1556 351 1610 φόνια
395 1555 519 1611 φόνια
565 1565 620 1591 VS·
668 1555 790 1599 1336,
836 1553 1024 1595 ἀνέπτατ’
1067 1553 1257 1595 ἀνέπτατ’
1305 1565 1360 1591 vs.
1408 1554 1528 1598 1352,
1577 1552 1666 1608 ἄχε’

229 1617 331 1672 ἄχεα
360 1629 415 1654 vs.
448 1617 566 1662 1353,
607 1613 762 1672 δάκρυα
792 1612 946 1670 δάκρυα
978 1627 1032 1653 vs.
1068 1617 1188 1662 1354,
1221 1614 1384 1671 ἔβαλον
1415 1613 1578 1671 ἔβαλον
1610 1628 1664 1653 VS·

237 1682 353 1723 1355;
381 1682 629 1719 monstruoso
658 1677 828 1729 denique
848 1677 1040 1715 vocabulo
1062 1678 1472 1720 εἱειειειειειλῖσσουσα
1490 1690 1544 1716 vs.
1565 1680 1665 1716 1348

229 1742 379 1782 ridetur
413 1755 559 1781 novum
588 1742 795 1780 inventum
824 1740 867 1778 in
897 1744 1019 1778 artem
1049 1741 1240 1780 musicam
1270 1741 1557 1787 introductum,
1589 1753 1667 1791 quo

230 1807 359 1857 plures
389 1806 474 1845 soni
503 1806 546 1843 in
575 1817 694 1843 unam
725 1804 915 1856 syllabam
946 1804 1256 1843 conferebantur,

284 1869 408 1908 Initio
436 1868 642 1907 monodiae
672 1877 746 1917 (vs.
782 1870 1066 1917 1331—1337)
1096 1868 1153 1906 ita
1181 1873 1363 1906 narratur
1390 1868 1598 1914 somnium,
1623 1872 1666 1906 ut

231 1945 308 1971 non
338 1932 507 1972 difficilis
537 1931 676 1982 agnitu
704 1931 756 1970 sit
784 1930 957 1968 imitatio
994 1930 1179 1969 Hecubae
1209 1931 1252 1969 in
1282 1931 1416 1970 fabula
1441 1931 1666 1981 cognomini

231 1997 358 2036 visum
399 2009 467 2047 per
492 1999 649 2034 noctem
679 1995 754 2034 sibi
785 1994 962 2033 oblatum
991 1995 1195 2033 referentis
1226 2008 1281 2033 vs.
1314 1998 1362 2034 68
1393 2007 1477 2046 sqq.
1510 1994 1559 2032 In
1584 2007 1666 2033 cae-

232 2064 314 2097 tera
340 2063 449 2110 parte
479 2071 539 2098 res
568 2071 755 2109 perquam
783 2058 957 2096 triviales
981 2057 1109 2096 verbis
1129 2057 1366 2096 sublimibus
1393 2057 1664 2104 euunciantur,

231 2135 337 2161 more
366 2121 590 2173 Euripideo.

287 2186 466 2237 Denique
496 2185 558 2224 his
587 2185 681 2223 locis
711 2184 829 2222 verba
859 2183 1062 2235 Euripidis
1091 2184 1451 2234 deprehenduntur:

234 2262 291 2288 vs.
310 2251 428 2287 1338:
449 2248 561 2290 ἀλλά
597 2267 684 2301 μοι,
724 2247 974 2304 ἀμφίπολοι,
1006 2247 1172 2304 λύχνον
1203 2248 1343 2301 ἅψατε.
1374 2247 1407 2285 Ε
1441 2247 1667 2286 Temenidis

448 2311 661 2350 secuudum
687 2310 960 2360 Apollonium,
978 2314 1076 2348 teste
1097 2309 1215 2348 schol.
1239 2310 1414 2360 (Fragm.
1432 2314 1504 2349 741
1527 2310 1666 2360 Dind.)

236 2389 290 2414 vs.
311 2377 427 2415 1339:
449 2374 534 2424 Ego
583 2374 737 2411 confero
782 2372 943 2423 Hippol.
991 2385 1048 2411 vs.
1094 2376 1185 2418 1:23,
1231 2385 1396 2423 quocum
1439 2385 1667 2424 componere

448 2437 572 2488 possis
604 2436 732 2487 lphig.
762 2436 893 2474 Aulid.
925 2448 978 2474 vs.
1012 2438 1084 2474 182
1116 2440 1154 2474 et
1187 2436 1273 2474 Ion.
1304 2449 1358 2475 vs.
1390 2439 1451 2475 96.

236 2516 289 2541 vs.
311 2505 428 2541 1344:
450 2503 614 2556 Νύμφαι
643 2502 922 2556 ὀρεσσίγονοι.
955 2498 1082 2537 Schol.
1114 2498 1356 2549 Asclepiadis
1385 2499 1615 2537 auctoritate
1647 2512 1666 2538 e

450 2563 629 2602 Xantriis
658 2562 838 2613 Aeschyli
876 2562 968 2601 haec
1004 2566 1134 2600 sumta
1175 2575 1255 2601 csse
1286 2562 1471 2608 affirmat,
1507 2563 1664 2611 (fragm.

448 2626 587 2665 Aesch.
631 2629 705 2665 170
735 2624 874 2670 Dind.)
903 2625 1089 2663 Vah-keu.
1126 2625 1249 2663 Diatr.
1282 2638 1369 2675 pag.
1408 2630 1442 2662 11
1482 2626 1569 2663 hui(-
1601 2626 1665 2663 ad-

449 2691 672 2742 stipulatur,
717 2688 783 2726 sed
822 2687 999 2738 equidem
1046 2689 1141 2726 mihi
1173 2687 1401 2738 persuadere
1430 2700 1577 2738 nequeo
1607 2694 1663 2727 tot

453 2754 590 2804 pannis
622 2750 844 2802 Euripidcis
883 2763 1001 2788 unum
1041 2750 1293 2788 intertextum
1334 2750 1450 2788 fuisse
1495 2751 1664 2802 Aeschy-

451 2819 570 2862 leum3
592 2815 685 2867 quid
705 2818 836 2853 autem
857 2818 1027 2853 statuere
1049 2818 1154 2852 vetat
1172 2813 1396 2864 Euripidem
1424 2827 1575 2865 quoquo
1592 2815 1663 2853 hae

451 2881 642 2922 locutione
673 2878 813 2918 alicubi
846 2890 956 2916 usum
990 2877 1129 2918 fuisse?
