1956 3346
927 200 982 239 45

248 321 328 362 ista
358 320 490 362 animi
518 320 556 361 vi
590 319 868 375 procreati-icc
901 334 1008 375 quae
1043 319 1244 362 secundat
1277 320 1443 361 semina
1477 328 1666 374 recepta:

246 411 329 437 non
377 400 531 437 texunt
571 395 645 437 sed
689 401 927 447 consuunt,
968 410 1049 436 non
1088 395 1253 437 faciunt
1284 395 1357 437 sed
1390 405 1667 450 componunt,

246 486 329 513 non
364 485 416 513 ex
447 485 532 512 uno
566 471 776 526 principio
803 471 1022 512 deducunt
1047 470 1183 512 varias
1203 478 1367 525 partes,
1390 471 1464 513 scd
1482 470 1669 512 diversas

246 551 388 602 partes
430 545 528 587 hinc
568 546 686 586 illinc
722 553 935 601 correptus
984 546 1026 586 in
1075 560 1205 587 unum
1242 545 1540 602 conglutinare
1574 553 1665 587 stu-

245 621 370 674 dent,
419 625 461 662 et
505 627 552 663 ut
600 620 738 662 multa
792 620 1007 675 proferant
1057 620 1195 662 multa
1246 621 1376 662 ctiam
1427 622 1669 677 acceperint.

243 708 415 737 necesse
447 703 523 737 est.

303 769 535 825 Tragoedia
578 784 674 812 vero
718 783 816 824 prae
855 769 1028 825 reliquis
1076 770 1215 824 poesis
1262 771 1489 826 generibus
1532 772 1670 827 poscit

243 844 428 900 simplex
460 851 775 900 argumentum.
843 844 936 896 Quo
971 847 1199 900 “potenter
1231 845 1386 900 lecto'',
1425 861 1507 888 non
1545 847 1670 889 verba

244 920 369 962 modo
416 933 496 961 non
546 919 682 960 invita
730 926 984 974 sequentur,
1032 919 1104 961 sed
1154 926 1244 961 tota
1285 920 1456 963 fabulae
1500 929 1671 964 textura

243 996 404 1038 sensim
436 995 615 1037 ducetur
646 994 738 1036 sinc
771 994 986 1047 hiatibus,
1020 1000 1064 1036 et
1092 1009 1177 1036 non
1204 1010 1309 1050 opus
1331 996 1474 1038 critut
1495 997 1669 1039 aliunde

242 1076 444 1126 petantur
485 1070 645 1123 fulcra,
690 1069 845 1125 quibus
894 1069 980 1111 tela
1031 1070 1354 1125 compositionis
1400 1077 1665 1114 annectatur.

242 1145 391 1201 Neque
422 1145 611 1201 profecto
644 1146 747 1187 artis
780 1150 846 1187 est
875 1145 1139 1199 reconditae,
1173 1161 1270 1187 cum
1305 1146 1394 1201 ipse
1412 1151 1539 1202 poeta
1556 1148 1669 1189 norit

244 1235 446 1276 quorsum
498 1221 643 1263 omnia
690 1221 779 1263 sint
823 1235 1019 1273 evasura,
1071 1221 1261 1264 invenire
1309 1221 1517 1264 nonnulla
1562 1237 1669 1278 quae

244 1297 378 1340 exitui
411 1297 703 1352 praeparando
736 1297 992 1346 inserviant3
1026 1297 1282 1339 facillimum
1311 1312 1408 1340 vero
1438 1305 1502 1340 est
1533 1298 1669 1339 multa

244 1373 337 1415 sine
379 1373 625 1414 discrimine
658 1373 700 1413 in
731 1371 922 1414 fabulam
958 1387 1184 1427 congerere
1219 1379 1262 1415 et
1292 1373 1370 1416 hac
1406 1374 1499 1429 ipsa
1533 1374 1668 1416 varie-

245 1455 333 1490 tate
376 1448 565 1490 detinere
609 1451 897 1502 spectatorum
941 1448 1120 1490 animos.
1189 1448 1271 1490 Sed
1309 1448 1413 1490 talia
1445 1448 1667 1490 commoda

243 1530 287 1566 et
315 1523 565 1578 adjumenta
598 1536 721 1564 verus
756 1521 944 1577 tragicus
979 1528 1247 1572 contemnet3
1284 1537 1558 1579 quaecunque
1582 1538 1665 1565 non

244 1614 297 1642 ex
328 1599 425 1654 ipso
456 1601 711 1654 argumento
741 1597 1014 1640 efflorescunt
1049 1613 1173 1653 aegre
1204 1599 1421 1651 admittet,
1457 1605 1500 1641 et
1531 1600 1566 1641 si
1602 1599 1665 1640 in-

244 1674 413 1716 terdum
457 1673 649 1729 episodia
692 1688 799 1729 quae
840 1673 1066 1727 dicuntur,
1102 1674 1174 1715 ubi
1207 1679 1306 1729 apte
1336 1674 1533 1716 collocari
1567 1689 1665 1730 pos-

245 1755 371 1803 sunt,
405 1749 576 1792 fabulae
609 1749 862 1791 intertexere
894 1763 979 1791 non
1011 1749 1284 1805 dedignatur,
1311 1764 1363 1792 ne
1386 1756 1476 1791 tum
1494 1750 1664 1805 quidem

245 1825 519 1868 obliviscetur
562 1825 692 1880 legis,
747 1839 855 1881 quae
900 1825 938 1867 ei
983 1830 1132 1867 sancta
1178 1830 1269 1879 est,
1312 1825 1581 1880 simplicitati
1624 1832 1665 1867 et

244 1901 401 1942 unitati
433 1901 571 1956 operis
604 1906 704 1943 ante
736 1901 881 1942 omnia
912 1901 1133 1943 consulere
1160 1900 1366 1956 jubentis.

305 1976 445 2028 Quum
489 1982 632 2018 autern
675 1975 740 2017 vis
784 1975 860 2018 illa
901 1975 1110 2018 divinitus
1142 1977 1324 2018 creatrix
1359 1990 1441 2018 non
1465 1991 1662 2018 concessa

244 2051 373 2093 fuerit
415 2050 639 2106 Euripidi,
687 2064 772 2092 non
807 2050 964 2092 mirum
998 2055 1064 2092 est
1095 2050 1158 2104 si,
1193 2065 1502 2106 nonnunquam
1536 2056 1663 2105 certe,

246 2125 397 2169 incidit
440 2127 482 2168 in
524 2141 571 2168 ea
622 2140 729 2182 quae
763 2125 948 2167 indicavi
981 2124 1087 2166 vitia
1119 2129 1183 2178 et,
1218 2124 1498 2180 simplicitate
1531 2126 1664 2181 tragi-

244 2216 388 2243 corum
432 2208 783 2257 argumcntorum
816 2200 987 2254 relicta,
1022 2200 1064 2241 in
1099 2199 1388 2255 compluribus
1422 2199 1580 2241 fabulis
1612 2200 1663 2242 ad

243 2277 388 2319 minus
421 2291 609 2318 severam
643 2276 886 2318 comoediae
919 2282 1178 2318 structuram
1212 2275 1402 2317 accessit.
1457 2275 1554 2316 Non
1574 2284 1661 2317 tam

243 2352 464 2408 gregarius
508 2357 651 2394 tamen
681 2356 773 2394 erat
804 2356 951 2406 poeta,
987 2350 1091 2406 quin
1124 2365 1146 2392 e
1178 2350 1364 2404 simplici
1399 2364 1566 2405 quoque
1598 2365 1664 2391 ar-

243 2431 450 2482 gumento
485 2425 671 2482 potuerit
707 2426 858 2468 ducere
890 2425 1063 2480 plenam
1096 2425 1209 2466 succi
1244 2439 1553 2480 nervorumque
1579 2433 1662 2466 tra-

243 2501 465 2557 goediam:
509 2506 640 2542 testes
678 2507 780 2542 sunt
821 2499 1016 2556 egregiae
1063 2499 1162 2542 illae
1194 2499 1364 2542 fabulae
1399 2500 1663 2555 Hippolytus

245 2585 289 2618 et
319 2577 470 2620 Medea
493 2584 517 2618 ¹.
585 2576 667 2618 Sed
708 2580 850 2617 tamen
881 2575 1050 2630 saepius
1089 2575 1131 2616 in
1165 2589 1214 2616 ea
1249 2589 1291 2616 re
1324 2575 1469 2630 lapsus
1503 2583 1582 2624 est,
1618 2586 1661 2617 ut

290 2713 299 2733 ¹
345 2714 398 2745 Ex
433 2713 490 2744 hac
524 2720 631 2743 tumen
665 2713 776 2743 abesse
811 2711 943 2742 malleni
980 2710 1057 2741 illud
1091 2710 1266 2750 episodiuni
1295 2719 1393 2750 paene
1429 2709 1587 2740 ludicrum
1625 2712 1664 2741 de

249 2774 371 2813 Aegeo.
417 2773 531 2812 Neque
565 2771 660 2802 aliter
688 2770 811 2811 judicat
845 2769 1066 2801 Bernhardins
1101 2779 1174 2809 pag.
1205 2770 1282 2799 455:
1309 2769 1384 2798 “dm
1407 2768 1574 2809 Gesprfich
1600 2772 1663 2801 und

246 2831 324 2861 “der
358 2831 454 2862 Bund
489 2831 547 2861 mit
581 2832 716 2871 Aegeus
749 2829 791 2860 ist
825 2830 876 2860 ein
906 2829 1026 2860 cbenso
1056 2828 1294 2866 mnngeumfws
1329 2828 1375 2858 al<
1401 2828 1664 2869 iibcrli'xingcnnles

248 2890 365 2922 '‘Glied
392 2891 449 2921 der
473 2889 704 2923 Oekonomic.”
750 2889 801 2922 Cf.
828 2890 930 2921 Arist.
954 2895 1038 2929 poet.
1059 2889 1111 2919 25.
