<?xml version="1.0" encoding="UTF-8"?>
<!DOCTYPE html PUBLIC "-//W3C//DTD XHTML 1.0 Transitional//EN"
    "http://www.w3.org/TR/xhtml1/DTD/xhtml1-transitional.dtd">
<html xmlns="http://www.w3.org/1999/xhtml" xml:lang="en" lang="en">
 <head>
  <title>
</title>
<meta http-equiv="Content-Type" content="text/html;charset=utf-8" />
  <meta name='ocr-system' content='tesseract 3.04.00' />
  <meta name='ocr-capabilities' content='ocr_page ocr_carea ocr_par ocr_line ocrx_word'/>
</head>
<body>
  <div class='ocr_page' id='page_1' title='image "./dearistophaneeur00leeuuoft_0063.png"; bbox 0 0 1956 3346; ppageno 0'>
   <div class='ocr_carea' id='block_1_1' title="bbox 895 190 939 227">
    <p class='ocr_par' dir='ltr' id='par_1_1' title="bbox 895 190 939 227">
     <span class='ocr_line' id='line_1_1' title="bbox 895 190 939 227; baseline 0.023 -1"><span class='ocrx_word' id='word_1_1' title='bbox 895 190 917 226; x_wconf 71' lang='grc' dir='ltr'>ἴ)</span> <span class='ocrx_word' id='word_1_2' title='bbox 932 190 939 227; x_wconf 91' lang='grc' dir='ltr'>Ι</span> 
     </span>
    </p>
   </div>
   <div class='ocr_carea' id='block_1_2' title="bbox 207 310 1644 2245">
    <p class='ocr_par' dir='ltr' id='par_1_2' title="bbox 207 310 1641 1647">
     <span class='ocr_line' id='line_1_2' title="bbox 210 310 1629 368; baseline 0.001 -15"><span class='ocrx_word' id='word_1_3' title='bbox 210 312 385 354; x_wconf 83' lang='lat' dir='ltr'>lleeubu</span> <span class='ocrx_word' id='word_1_4' title='bbox 417 311 533 352; x_wconf 78' lang='lat' dir='ltr'>canit</span> <span class='ocrx_word' id='word_1_5' title='bbox 571 310 798 365; x_wconf 75' lang='lat' dir='ltr'>Euripiden</span> <span class='ocrx_word' id='word_1_6' title='bbox 825 311 850 361; x_wconf 86' lang='lat'>¹,</span> <span class='ocrx_word' id='word_1_7' title='bbox 878 311 1067 364; x_wconf 78' lang='lat' dir='ltr'>longiore</span> <span class='ocrx_word' id='word_1_8' title='bbox 1103 321 1241 353; x_wconf 66' lang='lat' dir='ltr'>utinen</span> <span class='ocrx_word' id='word_1_9' title='bbox 1282 325 1407 367; x_wconf 78' lang='lat' dir='ltr'>quam</span> <span class='ocrx_word' id='word_1_10' title='bbox 1432 327 1538 368; x_wconf 54' lang='lat' dir='ltr'>«luae</span> <span class='ocrx_word' id='word_1_11' title='bbox 1564 314 1629 354; x_wconf 70' lang='lat' dir='ltr'>lin·</span> 
     </span>
     <span class='ocr_line' id='line_1_3' title="bbox 207 386 1628 443; baseline -0.002 -14"><span class='ocrx_word' id='word_1_12' title='bbox 207 386 481 429; x_wconf 69' lang='lat' dir='ltr'>exscribatur.</span> <span class='ocrx_word' id='word_1_13' title='bbox 551 386 693 426; x_wconf 82' lang='lat' dir='ltr'>Etiam</span> <span class='ocrx_word' id='word_1_14' title='bbox 733 386 771 426; x_wconf 91' lang='lat' dir='ltr'>in</span> <span class='ocrx_word' id='word_1_15' title='bbox 814 386 1047 441; x_wconf 66' lang='lat' dir='ltr'>vesparum</span> <span class='ocrx_word' id='word_1_16' title='bbox 1083 388 1228 439; x_wconf 81' lang='lat' dir='ltr'>initio,</span> <span class='ocrx_word' id='word_1_17' title='bbox 1265 388 1334 429; x_wconf 83' lang='lat' dir='ltr'>ubi</span> <span class='ocrx_word' id='word_1_18' title='bbox 1369 388 1525 443; x_wconf 75' lang='lat' dir='ltr'>duplex</span> <span class='ocrx_word' id='word_1_19' title='bbox 1562 405 1628 428; x_wconf 64' lang='lat' dir='ltr'>so-</span> 
     </span>
     <span class='ocr_line' id='line_1_4' title="bbox 207 460 1628 517; baseline 0 -13"><span class='ocrx_word' id='word_1_20' title='bbox 207 461 371 504; x_wconf 88' lang='lat' dir='ltr'>mnium</span> <span class='ocrx_word' id='word_1_21' title='bbox 392 464 599 512; x_wconf 78' lang='lat' dir='ltr'>narratur,</span> <span class='ocrx_word' id='word_1_22' title='bbox 618 460 805 502; x_wconf 74' lang='lat' dir='ltr'>comicus</span> <span class='ocrx_word' id='word_1_23' title='bbox 828 460 1006 502; x_wconf 61' lang='lat' dir='ltr'>fortasse</span> <span class='ocrx_word' id='word_1_24' title='bbox 1025 461 1273 516; x_wconf 72' lang='lat' dir='ltr'>Euripidem</span> <span class='ocrx_word' id='word_1_25' title='bbox 1295 463 1492 517; x_wconf 78' lang='lat' dir='ltr'>respexit.</span> <span class='ocrx_word' id='word_1_26' title='bbox 1532 463 1628 504; x_wconf 83' lang='lat' dir='ltr'>Miri</span> 
     </span>
     <span class='ocr_line' id='line_1_5' title="bbox 207 536 1629 593; baseline 0.001 -15"><span class='ocrx_word' id='word_1_27' title='bbox 207 536 363 578; x_wconf 85' lang='lat' dir='ltr'>abusus</span> <span class='ocrx_word' id='word_1_28' title='bbox 409 536 582 590; x_wconf 81' lang='lat' dir='ltr'>praebet</span> <span class='ocrx_word' id='word_1_29' title='bbox 616 536 860 590; x_wconf 79' lang='lat' dir='ltr'>exemplum</span> <span class='ocrx_word' id='word_1_30' title='bbox 905 536 1070 577; x_wconf 71' lang='lat' dir='ltr'>ltliesus</span> <span class='ocrx_word' id='word_1_31' title='bbox 1105 536 1271 588; x_wconf 81' lang='lat' dir='ltr'>sabula,</span> <span class='ocrx_word' id='word_1_32' title='bbox 1308 538 1348 578; x_wconf 88' lang='lat' dir='ltr'>in</span> <span class='ocrx_word' id='word_1_33' title='bbox 1383 552 1466 593; x_wconf 83' lang='lat' dir='ltr'>qua</span> <span class='ocrx_word' id='word_1_34' title='bbox 1506 538 1629 579; x_wconf 78' lang='lat' dir='ltr'>Rhesi</span> 
     </span>
     <span class='ocr_line' id='line_1_6' title="bbox 210 610 1632 667; baseline -0.001 -14"><span class='ocrx_word' id='word_1_35' title='bbox 210 611 360 665; x_wconf 86' lang='lat' dir='ltr'>auriga</span> <span class='ocrx_word' id='word_1_36' title='bbox 407 610 532 652; x_wconf 79' lang='lat' dir='ltr'>refert</span> <span class='ocrx_word' id='word_1_37' title='bbox 554 612 570 636; x_wconf 87' lang='lat'>‘-’</span> <span class='ocrx_word' id='word_1_38' title='bbox 601 616 647 651; x_wconf 86' lang='lat' dir='ltr'>ut</span> <span class='ocrx_word' id='word_1_39' title='bbox 668 610 848 661; x_wconf 61' lang='lat' dir='ltr'>,somnio</span> <span class='ocrx_word' id='word_1_40' title='bbox 882 610 1034 651; x_wconf 80' lang='lat' dir='ltr'>viderit</span> <span class='ocrx_word' id='word_1_41' title='bbox 1071 610 1192 665; x_wconf 85' lang='lat' dir='ltr'>lupos</span> <span class='ocrx_word' id='word_1_42' title='bbox 1229 611 1467 654; x_wconf 68' lang='lat' dir='ltr'>insilientes</span> <span class='ocrx_word' id='word_1_43' title='bbox 1501 613 1632 667; x_wconf 80' lang='lat' dir='ltr'>tergis</span> 
     </span>
     <span class='ocr_line' id='line_1_7' title="bbox 208 685 1633 741; baseline 0.001 -14"><span class='ocrx_word' id='word_1_44' title='bbox 208 700 412 741; x_wconf 86' lang='lat' dir='ltr'>equorum</span> <span class='ocrx_word' id='word_1_45' title='bbox 461 686 682 737; x_wconf 87' lang='lat' dir='ltr'>herilium,</span> <span class='ocrx_word' id='word_1_46' title='bbox 725 685 1049 740; x_wconf 85' lang='lat' dir='ltr'>expergefaetus</span> <span class='ocrx_word' id='word_1_47' title='bbox 1091 693 1235 728; x_wconf 86' lang='lat' dir='ltr'>autem</span> <span class='ocrx_word' id='word_1_48' title='bbox 1271 688 1531 730; x_wconf 85' lang='lat' dir='ltr'>trucidatum</span> <span class='ocrx_word' id='word_1_49' title='bbox 1569 689 1633 728; x_wconf 91' lang='lat' dir='ltr'>in-</span> 
     </span>
     <span class='ocr_line' id='line_1_8' title="bbox 207 759 1631 815; baseline 0.001 -13"><span class='ocrx_word' id='word_1_50' title='bbox 207 761 370 803; x_wconf 87' lang='lat' dir='ltr'>venerit</span> <span class='ocrx_word' id='word_1_51' title='bbox 405 761 592 802; x_wconf 84' lang='lat' dir='ltr'>Rhesum</span> <span class='ocrx_word' id='word_1_52' title='bbox 627 765 670 802; x_wconf 83' lang='lat' dir='ltr'>et</span> <span class='ocrx_word' id='word_1_53' title='bbox 699 774 828 815; x_wconf 83' lang='lat' dir='ltr'>equos</span> <span class='ocrx_word' id='word_1_54' title='bbox 865 759 917 801; x_wconf 86' lang='lat' dir='ltr'>ab</span> <span class='ocrx_word' id='word_1_55' title='bbox 952 759 1080 802; x_wconf 81' lang='lat' dir='ltr'>Ulixe</span> <span class='ocrx_word' id='word_1_56' title='bbox 1107 766 1148 802; x_wconf 83' lang='lat' dir='ltr'>et</span> <span class='ocrx_word' id='word_1_57' title='bbox 1184 761 1391 803; x_wconf 84' lang='lat' dir='ltr'>Diomede</span> <span class='ocrx_word' id='word_1_58' title='bbox 1414 763 1631 804; x_wconf 77' lang='lat' dir='ltr'>abductos.</span> 
     </span>
     <span class='ocr_line' id='line_1_9' title="bbox 209 835 1634 892; baseline 0.001 -15"><span class='ocrx_word' id='word_1_59' title='bbox 209 835 377 878; x_wconf 84' lang='lat' dir='ltr'>Numen</span> <span class='ocrx_word' id='word_1_60' title='bbox 429 836 561 892; x_wconf 87' lang='lat' dir='ltr'>igitur</span> <span class='ocrx_word' id='word_1_61' title='bbox 608 835 672 877; x_wconf 80' lang='lat' dir='ltr'>vel</span> <span class='ocrx_word' id='word_1_62' title='bbox 722 849 926 890; x_wconf 89' lang='lat' dir='ltr'>equorum</span> <span class='ocrx_word' id='word_1_63' title='bbox 974 841 1129 878; x_wconf 82' lang='lat' dir='ltr'>sortem</span> <span class='ocrx_word' id='word_1_64' title='bbox 1178 836 1355 892; x_wconf 87' lang='lat' dir='ltr'>dignam</span> <span class='ocrx_word' id='word_1_65' title='bbox 1383 837 1548 892; x_wconf 78' lang='lat' dir='ltr'>judicat</span> <span class='ocrx_word' id='word_1_66' title='bbox 1584 838 1634 879; x_wconf 71' lang='lat' dir='ltr'>de</span> 
     </span>
     <span class='ocr_line' id='line_1_10' title="bbox 208 911 1637 968; baseline -0.001 -14"><span class='ocrx_word' id='word_1_67' title='bbox 208 928 292 968; x_wconf 88' lang='lat' dir='ltr'>qua</span> <span class='ocrx_word' id='word_1_68' title='bbox 323 912 447 968; x_wconf 86' lang='lat' dir='ltr'>signa</span> <span class='ocrx_word' id='word_1_69' title='bbox 479 911 603 954; x_wconf 88' lang='lat' dir='ltr'>edat?</span> <span class='ocrx_word' id='word_1_70' title='bbox 668 911 751 954; x_wconf 88' lang='lat' dir='ltr'>Sed</span> <span class='ocrx_word' id='word_1_71' title='bbox 784 926 806 952; x_wconf 91' lang='lat' dir='ltr'>e</span> <span class='ocrx_word' id='word_1_72' title='bbox 838 911 1032 953; x_wconf 85' lang='lat' dir='ltr'>dramate</span> <span class='ocrx_word' id='word_1_73' title='bbox 1067 911 1141 953; x_wconf 89' lang='lat' dir='ltr'>illo</span> <span class='ocrx_word' id='word_1_74' title='bbox 1163 917 1363 966; x_wconf 86' lang='lat' dir='ltr'>suspecto</span> <span class='ocrx_word' id='word_1_75' title='bbox 1381 919 1637 968; x_wconf 85' lang='lat' dir='ltr'>argumenta</span> 
     </span>
     <span class='ocr_line' id='line_1_11' title="bbox 208 986 1635 1043; baseline -0.001 -13"><span class='ocrx_word' id='word_1_76' title='bbox 208 991 349 1043; x_wconf 86' lang='lat' dir='ltr'>petere</span> <span class='ocrx_word' id='word_1_77' title='bbox 396 987 515 1037; x_wconf 91' lang='lat' dir='ltr'>nolo;</span> <span class='ocrx_word' id='word_1_78' title='bbox 562 986 680 1029; x_wconf 90' lang='lat' dir='ltr'>aliud</span> <span class='ocrx_word' id='word_1_79' title='bbox 724 987 868 1042; x_wconf 87' lang='lat' dir='ltr'>potius</span> <span class='ocrx_word' id='word_1_80' title='bbox 902 986 1104 1029; x_wconf 81' lang='lat' dir='ltr'>adeamus</span> <span class='ocrx_word' id='word_1_81' title='bbox 1137 987 1250 1042; x_wconf 89' lang='lat' dir='ltr'>quod</span> <span class='ocrx_word' id='word_1_82' title='bbox 1283 992 1422 1029; x_wconf 87' lang='lat' dir='ltr'>certae</span> <span class='ocrx_word' id='word_1_83' title='bbox 1454 994 1520 1030; x_wconf 86' lang='lat' dir='ltr'>est</span> <span class='ocrx_word' id='word_1_84' title='bbox 1553 988 1635 1029; x_wconf 84' lang='lat' dir='ltr'>ori-</span> 
     </span>
     <span class='ocr_line' id='line_1_12' title="bbox 207 1062 1636 1119; baseline 0 -15"><span class='ocrx_word' id='word_1_85' title='bbox 207 1063 346 1118; x_wconf 82' lang='lat' dir='ltr'>ginis,</span> <span class='ocrx_word' id='word_1_86' title='bbox 393 1063 664 1118; x_wconf 81' lang='lat' dir='ltr'>Iphigeniam</span> <span class='ocrx_word' id='word_1_87' title='bbox 709 1062 954 1116; x_wconf 83' lang='lat' dir='ltr'>Tauricam,</span> <span class='ocrx_word' id='word_1_88' title='bbox 998 1063 1039 1104; x_wconf 92' lang='lat' dir='ltr'>in</span> <span class='ocrx_word' id='word_1_89' title='bbox 1074 1063 1196 1119; x_wconf 89' lang='lat' dir='ltr'>cujus</span> <span class='ocrx_word' id='word_1_90' title='bbox 1228 1063 1405 1119; x_wconf 82' lang='lat' dir='ltr'>prologo</span> <span class='ocrx_word' id='word_1_91' title='bbox 1437 1078 1512 1118; x_wconf 88' lang='lat' dir='ltr'>per</span> <span class='ocrx_word' id='word_1_92' title='bbox 1543 1064 1636 1105; x_wconf 88' lang='lat' dir='ltr'>ani-</span> 
     </span>
     <span class='ocr_line' id='line_1_13' title="bbox 208 1137 1636 1195; baseline 0 -16"><span class='ocrx_word' id='word_1_93' title='bbox 208 1137 292 1180; x_wconf 87' lang='lat' dir='ltr'>lem</span> <span class='ocrx_word' id='word_1_94' title='bbox 338 1138 687 1194; x_wconf 82' lang='lat' dir='ltr'>superstitionem</span> <span class='ocrx_word' id='word_1_95' title='bbox 737 1137 904 1179; x_wconf 88' lang='lat' dir='ltr'>somnio</span> <span class='ocrx_word' id='word_1_96' title='bbox 948 1138 1131 1193; x_wconf 86' lang='lat' dir='ltr'>quodam</span> <span class='ocrx_word' id='word_1_97' title='bbox 1178 1138 1407 1195; x_wconf 84' lang='lat' dir='ltr'>Iphigenia</span> <span class='ocrx_word' id='word_1_98' title='bbox 1438 1138 1636 1194; x_wconf 89' lang='lat' dir='ltr'>portendi</span> 
     </span>
     <span class='ocr_line' id='line_1_14' title="bbox 210 1212 1636 1270; baseline 0 -15"><span class='ocrx_word' id='word_1_99' title='bbox 210 1218 336 1269; x_wconf 88' lang='lat' dir='ltr'>putat</span> <span class='ocrx_word' id='word_1_100' title='bbox 380 1219 559 1255; x_wconf 86' lang='lat' dir='ltr'>mortem</span> <span class='ocrx_word' id='word_1_101' title='bbox 606 1213 750 1255; x_wconf 86' lang='lat' dir='ltr'>fratris</span> <span class='ocrx_word' id='word_1_102' title='bbox 796 1212 972 1256; x_wconf 85' lang='lat' dir='ltr'>Orestis.</span> <span class='ocrx_word' id='word_1_103' title='bbox 1039 1212 1135 1256; x_wconf 84' lang='lat' dir='ltr'>Scio</span> <span class='ocrx_word' id='word_1_104' title='bbox 1176 1214 1349 1270; x_wconf 88' lang='lat' dir='ltr'>quidem</span> <span class='ocrx_word' id='word_1_105' title='bbox 1385 1213 1636 1269; x_wconf 81' lang='lat' dir='ltr'>Euripidem</span> 
     </span>
     <span class='ocr_line' id='line_1_15' title="bbox 211 1288 1638 1344; baseline 0.001 -14"><span class='ocrx_word' id='word_1_106' title='bbox 211 1303 294 1330; x_wconf 91' lang='lat' dir='ltr'>non</span> <span class='ocrx_word' id='word_1_107' title='bbox 336 1289 522 1344; x_wconf 90' lang='lat' dir='ltr'>primum</span> <span class='ocrx_word' id='word_1_108' title='bbox 566 1288 744 1330; x_wconf 82' lang='lat' dir='ltr'>somniis</span> <span class='ocrx_word' id='word_1_109' title='bbox 778 1288 820 1329; x_wconf 89' lang='lat' dir='ltr'>in</span> <span class='ocrx_word' id='word_1_110' title='bbox 855 1288 1074 1343; x_wconf 79' lang='lat' dir='ltr'>tragoedia</span> <span class='ocrx_word' id='word_1_111' title='bbox 1106 1303 1230 1330; x_wconf 82' lang='lat' dir='ltr'>usum</span> <span class='ocrx_word' id='word_1_112' title='bbox 1265 1303 1381 1343; x_wconf 85' lang='lat' dir='ltr'>esse,</span> <span class='ocrx_word' id='word_1_113' title='bbox 1416 1289 1489 1331; x_wconf 86' lang='lat' dir='ltr'>sed</span> <span class='ocrx_word' id='word_1_114' title='bbox 1528 1289 1638 1331; x_wconf 88' lang='lat' dir='ltr'>male</span> 
     </span>
     <span class='ocr_line' id='line_1_16' title="bbox 211 1361 1640 1420; baseline 0 -15"><span class='ocrx_word' id='word_1_115' title='bbox 211 1378 335 1406; x_wconf 88' lang='lat' dir='ltr'>usum</span> <span class='ocrx_word' id='word_1_116' title='bbox 380 1362 616 1413; x_wconf 80' lang='lat' dir='ltr'>eontend03</span> <span class='ocrx_word' id='word_1_117' title='bbox 662 1377 797 1418; x_wconf 85' lang='lat' dir='ltr'>neque</span> <span class='ocrx_word' id='word_1_118' title='bbox 838 1361 952 1418; x_wconf 89' lang='lat' dir='ltr'>quod</span> <span class='ocrx_word' id='word_1_119' title='bbox 995 1363 1092 1405; x_wconf 88' lang='lat' dir='ltr'>aliis</span> <span class='ocrx_word' id='word_1_120' title='bbox 1137 1362 1314 1417; x_wconf 83' lang='lat' dir='ltr'>licebat,</span> <span class='ocrx_word' id='word_1_121' title='bbox 1357 1364 1439 1405; x_wconf 84' lang='lat' dir='ltr'>sibi</span> <span class='ocrx_word' id='word_1_122' title='bbox 1472 1378 1640 1420; x_wconf 87' lang='lat' dir='ltr'>quoque</span> 
     </span>
     <span class='ocr_line' id='line_1_17' title="bbox 211 1437 1638 1495; baseline 0.001 -15"><span class='ocrx_word' id='word_1_123' title='bbox 211 1438 456 1494; x_wconf 83' lang='lat' dir='ltr'>permittere</span> <span class='ocrx_word' id='word_1_124' title='bbox 497 1438 723 1488; x_wconf 84' lang='lat' dir='ltr'>debuerat3</span> <span class='ocrx_word' id='word_1_125' title='bbox 774 1437 852 1480; x_wconf 91' lang='lat' dir='ltr'>hoc</span> <span class='ocrx_word' id='word_1_126' title='bbox 884 1437 1000 1479; x_wconf 90' lang='lat' dir='ltr'>enim</span> <span class='ocrx_word' id='word_1_127' title='bbox 1033 1437 1312 1481; x_wconf 87' lang='lat' dir='ltr'>divinationis</span> <span class='ocrx_word' id='word_1_128' title='bbox 1344 1454 1481 1495; x_wconf 86' lang='lat' dir='ltr'>genus</span> <span class='ocrx_word' id='word_1_129' title='bbox 1515 1454 1638 1482; x_wconf 88' lang='lat' dir='ltr'>usur·</span> 
     </span>
     <span class='ocr_line' id='line_1_18' title="bbox 211 1513 1640 1570; baseline 0.001 -14"><span class='ocrx_word' id='word_1_130' title='bbox 211 1529 310 1570; x_wconf 86' lang='lat' dir='ltr'>pare</span> <span class='ocrx_word' id='word_1_131' title='bbox 341 1514 383 1556; x_wconf 90' lang='lat' dir='ltr'>in</span> <span class='ocrx_word' id='word_1_132' title='bbox 417 1513 576 1556; x_wconf 84' lang='lat' dir='ltr'>fabulis</span> <span class='ocrx_word' id='word_1_133' title='bbox 607 1528 687 1555; x_wconf 88' lang='lat' dir='ltr'>sua</span> <span class='ocrx_word' id='word_1_134' title='bbox 717 1527 815 1555; x_wconf 91' lang='lat' dir='ltr'>eum</span> <span class='ocrx_word' id='word_1_135' title='bbox 847 1513 1020 1555; x_wconf 87' lang='lat' dir='ltr'>vetabat</span> <span class='ocrx_word' id='word_1_136' title='bbox 1051 1514 1349 1569; x_wconf 83' lang='lat' dir='ltr'>philosophia,</span> <span class='ocrx_word' id='word_1_137' title='bbox 1384 1515 1498 1557; x_wconf 89' lang='lat' dir='ltr'>unde</span> <span class='ocrx_word' id='word_1_138' title='bbox 1516 1522 1640 1557; x_wconf 86' lang='lat' dir='ltr'>norat</span> 
     </span>
     <span class='ocr_line' id='line_1_19' title="bbox 211 1588 1641 1647; baseline 0 -16"><span class='ocrx_word' id='word_1_139' title='bbox 211 1604 286 1644; x_wconf 90' lang='lat' dir='ltr'>pro</span> <span class='ocrx_word' id='word_1_140' title='bbox 318 1589 436 1632; x_wconf 85' lang='lat' dir='ltr'>inani</span> <span class='ocrx_word' id='word_1_141' title='bbox 469 1593 712 1632; x_wconf 88' lang='lat' dir='ltr'>commento</span> <span class='ocrx_word' id='word_1_142' title='bbox 742 1588 984 1631; x_wconf 86' lang='lat' dir='ltr'>habendam</span> <span class='ocrx_word' id='word_1_143' title='bbox 1017 1603 1110 1631; x_wconf 85' lang='lat' dir='ltr'>esse</span> <span class='ocrx_word' id='word_1_144' title='bbox 1143 1588 1262 1631; x_wconf 89' lang='lat' dir='ltr'>illam</span> <span class='ocrx_word' id='word_1_145' title='bbox 1295 1593 1641 1647; x_wconf 71' lang='grc' dir='ltr'>ὀνειρομαντείαυ.</span> 
     </span>
    </p>

    <p class='ocr_par' dir='ltr' id='par_1_3' title="bbox 213 1664 1644 2245">
     <span class='ocr_line' id='line_1_20' title="bbox 273 1664 1640 1722; baseline -0.001 -16"><span class='ocrx_word' id='word_1_146' title='bbox 273 1669 304 1706; x_wconf 89' lang='grc' dir='ltr'>Α</span> <span class='ocrx_word' id='word_1_147' title='bbox 336 1666 633 1722; x_wconf 78' lang='grc' dir='ltr'>πολυμηχανίᾳ</span> <span class='ocrx_word' id='word_1_148' title='bbox 665 1679 789 1721; x_wconf 88' lang='lat' dir='ltr'>porro</span> <span class='ocrx_word' id='word_1_149' title='bbox 821 1679 907 1707; x_wconf 86' lang='lat' dir='ltr'>non</span> <span class='ocrx_word' id='word_1_150' title='bbox 940 1664 1182 1720; x_wconf 73' lang='lat' dir='ltr'>disiunctus</span> <span class='ocrx_word' id='word_1_151' title='bbox 1215 1669 1281 1707; x_wconf 89' lang='lat' dir='ltr'>est</span> <span class='ocrx_word' id='word_1_152' title='bbox 1311 1664 1512 1720; x_wconf 88' lang='lat' dir='ltr'>frequens</span> <span class='ocrx_word' id='word_1_153' title='bbox 1540 1664 1640 1706; x_wconf 90' lang='lat' dir='ltr'>deo-</span> 
     </span>
     <span class='ocr_line' id='line_1_21' title="bbox 218 1738 1637 1795; baseline 0.001 -15"><span class='ocrx_word' id='word_1_154' title='bbox 218 1753 311 1780; x_wconf 85' lang='lat' dir='ltr'>rum</span> <span class='ocrx_word' id='word_1_155' title='bbox 346 1738 614 1781; x_wconf 86' lang='lat' dir='ltr'>interventus</span> <span class='ocrx_word' id='word_1_156' title='bbox 647 1739 699 1781; x_wconf 87' lang='lat' dir='ltr'>de</span> <span class='ocrx_word' id='word_1_157' title='bbox 731 1753 815 1794; x_wconf 88' lang='lat' dir='ltr'>quo</span> <span class='ocrx_word' id='word_1_158' title='bbox 829 1738 922 1794; x_wconf 86' lang='lat' dir='ltr'>jam</span> <span class='ocrx_word' id='word_1_159' title='bbox 939 1739 1128 1781; x_wconf 86' lang='lat' dir='ltr'>vidimus</span> <span class='ocrx_word' id='word_1_160' title='bbox 1147 1740 1299 1794; x_wconf 89' lang='lat' dir='ltr'>(supra</span> <span class='ocrx_word' id='word_1_161' title='bbox 1314 1754 1410 1795; x_wconf 85' lang='lat' dir='ltr'>pag.</span> <span class='ocrx_word' id='word_1_162' title='bbox 1432 1741 1488 1780; x_wconf 74' lang='lat'>29</span> <span class='ocrx_word' id='word_1_163' title='bbox 1507 1754 1598 1795; x_wconf 86' lang='lat' dir='ltr'>sqq.</span> <span class='ocrx_word' id='word_1_164' title='bbox 1611 1749 1637 1791; x_wconf 83' lang='lat'>).</span> 
     </span>
     <span class='ocr_line' id='line_1_22' title="bbox 215 1813 1644 1869; baseline 0.001 -13"><span class='ocrx_word' id='word_1_165' title='bbox 215 1813 349 1869; x_wconf 84' lang='lat' dir='ltr'>Saepe</span> <span class='ocrx_word' id='word_1_166' title='bbox 395 1814 510 1856; x_wconf 91' lang='lat' dir='ltr'>enim</span> <span class='ocrx_word' id='word_1_167' title='bbox 559 1819 608 1857; x_wconf 89' lang='lat' dir='ltr'>ut</span> <span class='ocrx_word' id='word_1_168' title='bbox 653 1814 754 1857; x_wconf 84' lang='lat' dir='ltr'>deos</span> <span class='ocrx_word' id='word_1_169' title='bbox 801 1814 1028 1857; x_wconf 84' lang='lat' dir='ltr'>deduceret</span> <span class='ocrx_word' id='word_1_170' title='bbox 1072 1815 1116 1856; x_wconf 88' lang='lat' dir='ltr'>in</span> <span class='ocrx_word' id='word_1_171' title='bbox 1161 1829 1332 1857; x_wconf 87' lang='lat' dir='ltr'>scenam</span> <span class='ocrx_word' id='word_1_172' title='bbox 1373 1820 1545 1858; x_wconf 87' lang='lat' dir='ltr'>coactus</span> <span class='ocrx_word' id='word_1_173' title='bbox 1578 1822 1644 1857; x_wconf 86' lang='lat' dir='ltr'>est</span> 
     </span>
     <span class='ocr_line' id='line_1_23' title="bbox 213 1889 1642 1946; baseline 0 -15"><span class='ocrx_word' id='word_1_174' title='bbox 213 1903 364 1944; x_wconf 88' lang='lat' dir='ltr'>parum</span> <span class='ocrx_word' id='word_1_175' title='bbox 407 1889 592 1931; x_wconf 87' lang='lat' dir='ltr'>naturali</span> <span class='ocrx_word' id='word_1_176' title='bbox 635 1889 880 1931; x_wconf 88' lang='lat' dir='ltr'>dramatum</span> <span class='ocrx_word' id='word_1_177' title='bbox 923 1894 1158 1943; x_wconf 86' lang='lat' dir='ltr'>structura,</span> <span class='ocrx_word' id='word_1_178' title='bbox 1200 1904 1284 1946; x_wconf 90' lang='lat' dir='ltr'>qua</span> <span class='ocrx_word' id='word_1_179' title='bbox 1315 1890 1446 1932; x_wconf 84' lang='lat' dir='ltr'>fiebat</span> <span class='ocrx_word' id='word_1_180' title='bbox 1476 1896 1526 1932; x_wconf 88' lang='lat' dir='ltr'>ut</span> <span class='ocrx_word' id='word_1_181' title='bbox 1556 1904 1642 1931; x_wconf 90' lang='lat' dir='ltr'>non</span> 
     </span>
     <span class='ocr_line' id='line_1_24' title="bbox 218 1963 1643 2021; baseline 0 -15"><span class='ocrx_word' id='word_1_182' title='bbox 218 1964 302 2006; x_wconf 88' lang='lat' dir='ltr'>nisi</span> <span class='ocrx_word' id='word_1_183' title='bbox 334 1963 444 2006; x_wconf 85' lang='lat' dir='ltr'>alter</span> <span class='ocrx_word' id='word_1_184' title='bbox 475 1963 650 2020; x_wconf 89' lang='lat' dir='ltr'>quidam</span> <span class='ocrx_word' id='word_1_185' title='bbox 686 1964 983 2018; x_wconf 88' lang='lat' dir='ltr'>Prometheus,</span> <span class='ocrx_word' id='word_1_186' title='bbox 1019 1963 1154 2014; x_wconf 74' lang='grc' dir='ltr'>δεινὸς</span> <span class='ocrx_word' id='word_1_187' title='bbox 1171 1966 1302 2021; x_wconf 83' lang='grc' dir='ltr'>εὑρεῖν</span> <span class='ocrx_word' id='word_1_188' title='bbox 1319 1963 1397 2013; x_wconf 74' lang='grc' dir='ltr'>κάξ</span> <span class='ocrx_word' id='word_1_189' title='bbox 1412 1965 1643 2021; x_wconf 76' lang='grc' dir='ltr'>ἀμηχάνων</span> 
     </span>
     <span class='ocr_line' id='line_1_25' title="bbox 214 2038 1642 2097; baseline -0.002 -14"><span class='ocrx_word' id='word_1_190' title='bbox 214 2042 375 2097; x_wconf 83' lang='grc' dir='ltr'>πόρους</span> <span class='ocrx_word' id='word_1_191' title='bbox 397 2041 427 2093; x_wconf 79' lang='lat'>³,</span> <span class='ocrx_word' id='word_1_192' title='bbox 473 2039 606 2082; x_wconf 89' lang='lat' dir='ltr'>nodos</span> <span class='ocrx_word' id='word_1_193' title='bbox 650 2045 738 2081; x_wconf 83' lang='lat' dir='ltr'>tam</span> <span class='ocrx_word' id='word_1_194' title='bbox 783 2039 993 2082; x_wconf 81' lang='lat' dir='ltr'>laboriose</span> <span class='ocrx_word' id='word_1_195' title='bbox 1036 2044 1253 2081; x_wconf 85' lang='lat' dir='ltr'>contortos</span> <span class='ocrx_word' id='word_1_196' title='bbox 1286 2044 1432 2094; x_wconf 86' lang='lat' dir='ltr'>posset</span> <span class='ocrx_word' id='word_1_197' title='bbox 1463 2038 1642 2091; x_wconf 88' lang='lat' dir='ltr'>solvere,</span> 
     </span>
     <span class='ocr_line' id='line_1_26' title="bbox 218 2113 1643 2170; baseline -0.001 -14"><span class='ocrx_word' id='word_1_198' title='bbox 218 2114 445 2169; x_wconf 87' lang='lat' dir='ltr'>Euripides</span> <span class='ocrx_word' id='word_1_199' title='bbox 476 2120 647 2168; x_wconf 89' lang='lat' dir='ltr'>autem,</span> <span class='ocrx_word' id='word_1_200' title='bbox 681 2114 959 2170; x_wconf 88' lang='lat' dir='ltr'>quantumvis</span> <span class='ocrx_word' id='word_1_201' title='bbox 988 2113 1194 2167; x_wconf 80' lang='lat' dir='ltr'>callidus,</span> <span class='ocrx_word' id='word_1_202' title='bbox 1231 2114 1313 2155; x_wconf 90' lang='lat' dir='ltr'>nisi</span> <span class='ocrx_word' id='word_1_203' title='bbox 1346 2114 1450 2156; x_wconf 87' lang='lat' dir='ltr'>deus</span> <span class='ocrx_word' id='word_1_204' title='bbox 1469 2119 1643 2156; x_wconf 84' lang='lat' dir='ltr'>navaret</span> 
     </span>
     <span class='ocr_line' id='line_1_27' title="bbox 217 2188 1314 2245; baseline 0 -15"><span class='ocrx_word' id='word_1_205' title='bbox 217 2203 411 2244; x_wconf 85' lang='lat' dir='ltr'>operam,</span> <span class='ocrx_word' id='word_1_206' title='bbox 447 2190 689 2245; x_wconf 86' lang='lat' dir='ltr'>tragoediae</span> <span class='ocrx_word' id='word_1_207' title='bbox 718 2189 848 2232; x_wconf 85' lang='lat' dir='ltr'>finem</span> <span class='ocrx_word' id='word_1_208' title='bbox 884 2189 1075 2232; x_wconf 88' lang='lat' dir='ltr'>invenire</span> <span class='ocrx_word' id='word_1_209' title='bbox 1108 2188 1314 2244; x_wconf 86' lang='lat' dir='ltr'>nequiret.</span> 
     </span>
    </p>
   </div>
   <div class='ocr_carea' id='block_1_3' title="bbox 263 2345 727 2497">
    <p class='ocr_par' dir='ltr' id='par_1_4' title="bbox 263 2345 727 2497">
     <span class='ocr_line' id='line_1_28' title="bbox 268 2345 594 2378; baseline -0.006 -1"><span class='ocrx_word' id='word_1_210' title='bbox 268 2346 274 2365; x_wconf 80' lang='lat'><strong>¹</strong></span> <span class='ocrx_word' id='word_1_211' title='bbox 322 2345 448 2378; x_wconf 69' lang='lat' dir='ltr'>necui).</span> <span class='ocrx_word' id='word_1_212' title='bbox 474 2356 518 2378; x_wconf 81' lang='lat' dir='ltr'>vs,</span> <span class='ocrx_word' id='word_1_213' title='bbox 541 2347 594 2377; x_wconf 83' lang='lat'>68.</span> 
     </span>
     <span class='ocr_line' id='line_1_29' title="bbox 263 2405 672 2446; baseline -0.002 -10"><span class='ocrx_word' id='word_1_214' title='bbox 263 2405 276 2424; x_wconf 79' lang='lat'>‘-&#39;</span> <span class='ocrx_word' id='word_1_215' title='bbox 324 2406 421 2437; x_wconf 72' lang='lat' dir='ltr'>Rhea.</span> <span class='ocrx_word' id='word_1_216' title='bbox 446 2415 493 2438; x_wconf 82' lang='lat' dir='ltr'>vs.</span> <span class='ocrx_word' id='word_1_217' title='bbox 516 2405 582 2439; x_wconf 86' lang='lat'>780</span> <span class='ocrx_word' id='word_1_218' title='bbox 604 2415 672 2446; x_wconf 77' lang='lat' dir='ltr'>sqq.</span> 
     </span>
     <span class='ocr_line' id='line_1_30' title="bbox 265 2465 727 2497; baseline -0.009 0"><span class='ocrx_word' id='word_1_219' title='bbox 265 2467 275 2484; x_wconf 74' lang='lat'><strong><em>³</em></strong></span> <span class='ocrx_word' id='word_1_220' title='bbox 322 2465 444 2497; x_wconf 84' lang='lat' dir='ltr'>Aeseh.</span> <span class='ocrx_word' id='word_1_221' title='bbox 471 2465 578 2496; x_wconf 85' lang='lat' dir='ltr'>Prom.</span> <span class='ocrx_word' id='word_1_222' title='bbox 606 2475 650 2496; x_wconf 77' lang='lat' dir='ltr'>vs.</span> <span class='ocrx_word' id='word_1_223' title='bbox 675 2466 727 2496; x_wconf 78' lang='lat'>59.</span> 
     </span>
    </p>
   </div>
   <div class='ocr_carea' id='block_1_4' title="bbox 337 2300 512 2306">
    <p class='ocr_par' dir='ltr' id='par_1_5' title="bbox 337 2300 512 2306">
     <span class='ocr_line' id='line_1_31' title="bbox 337 2300 512 2306; baseline 0 0"><span class='ocrx_word' id='word_1_224' title='bbox 337 2300 512 2306; x_wconf 95' lang='lat' dir='ltr'> </span> 
     </span>
    </p>
   </div>
  </div>
 </body>
</html>
