1956 3346
719 544 946 593 CAPUT
986 544 1341 593 ULTIMUM.

870 674 1033 681 ‹rwvvvvuk
1046 674 1121 681 «νυν
1132 675 1143 681 A

380 763 636 818 Priusquam
685 776 803 804 meae
836 762 1059 818 scriptioni
1091 763 1219 804 finem
1254 763 1434 817 faciam,
1468 777 1617 818 operae
1649 778 1745 819 pre-

322 838 431 880 tium
477 838 645 879 videtur
678 837 861 879 breviter
897 851 1130 892 exponere,
1165 853 1272 894 quae
1304 839 1491 880 virorum
1524 839 1744 881 doctorum

322 913 373 954 de
405 912 679 966 criminibus,
714 912 766 954 ab
799 911 1088 967 Aristophane
1121 913 1347 956 intentatis
1370 914 1593 970 Euripidi,
1618 913 1746 956 variis

323 986 587 1042 temporibus
631 986 793 1028 fuerint
837 986 1070 1041 opiniones.
1139 988 1252 1030 Huic
1303 989 1493 1044 profecto
1537 1002 1621 1030 non
1656 988 1749 1029 'usu

324 1062 443 1103 venit
488 1067 537 1102 ut
575 1060 735 1116 posteri
767 1061 968 1116 exiguam
1001 1061 1091 1116 ejus
1124 1062 1211 1104 odii
1243 1064 1399 1117 poetici
1431 1064 1642 1105 rationem
1674 1063 1750 1104 ha-

323 1138 495 1187 berent3
548 1136 752 1191 permulti
809 1136 924 1177 enim
971 1141 1073 1178 sunt
1120 1137 1219 1179 libri
1269 1138 1442 1193 majoris
1490 1138 1752 1193 minorisque

326 1212 452 1254 molis
500 1216 543 1252 et
589 1211 817 1264 momenti,
867 1211 956 1253 sive
1000 1212 1051 1253 de
1097 1212 1176 1254 hac
1216 1212 1393 1255 materie
1427 1213 1472 1254 in
1506 1212 1753 1254 universum

327 1288 416 1329 sive
448 1287 500 1329 de
532 1286 676 1341 aliqua
707 1285 797 1341 ejus
830 1290 950 1341 parte
982 1287 1048 1328 vel
1081 1287 1210 1328 etiam
1229 1287 1524 1329 minutissima
1544 1286 1754 1342 particula

330 1366 519 1418 agentes.
558 1362 668 1404 Mihi
684 1378 781 1405 vero
801 1363 836 1405 si
859 1363 1003 1405 omnia
1020 1378 1067 1406 ea
1086 1364 1243 1420 scripta
1262 1365 1328 1407 vel
1347 1365 1603 1421 inspiciendi
1619 1363 1755 1406 fae-ul-

328 1441 393 1479 tas
427 1437 494 1479 vel
525 1439 773 1494 perlegendi
805 1439 1074 1495 contingeret
1097 1440 1256 1493 otium,
1290 1454 1374 1482 non
1401 1454 1520 1482 meae
1545 1444 1657 1482 esset
1681 1444 1754 1480 aut

329 1512 482 1554 aetatis
514 1517 590 1554 aut
620 1513 861 1569 imperitiae
889 1518 953 1556 tot
976 1514 1293 1556 lucubrationes
1319 1514 1504 1555 virorum
1535 1514 1756 1556 doctorum

330 1589 411 1631 rite
458 1593 655 1631 excutere
701 1603 930 1644 eorumque
978 1590 1213 1631 sententias
1261 1590 1315 1631 ad
1351 1589 1538 1645 lapidem
1571 1588 1756 1643 Lydium

332 1665 576 1719 explorare3
621 1668 838 1720 praeterea
870 1665 1065 1707 timerem
1099 1680 1151 1706 ne
1184 1665 1221 1706 si
1253 1679 1381 1720 quam
1416 1664 1466 1705 de
1498 1678 1592 1705 meo
1625 1663 1759 1705 habeo

332 1739 600 1794 opinionem,
635 1755 684 1781 ea
715 1740 794 1782 sub
828 1743 948 1781 tanto
981 1740 1145 1782 alienae
1170 1739 1423 1781 eruditionis
1452 1744 1598 1780 monte
1615 1738 1758 1793 oppri-

333 1810 543 1865 meretur3
578 1815 646 1857 hic
678 1815 793 1857 enim
826 1815 862 1856 si
894 1829 1076 1870 usquam
1111 1814 1223 1856 valet
1255 1815 1448 1870 querela,
1476 1828 1604 1869 quam
1624 1814 1758 1855 Bern-

334 1890 533 1944 hardius,
578 1905 663 1932 non
709 1890 853 1946 segnis
897 1895 1040 1932 tamen
1076 1890 1281 1932 librorum
1313 1905 1409 1932 cum
1443 1894 1633 1931 veterum
1667 1894 1759 1930 tum

335 1965 618 2011 recentiorum
664 1970 900 2020 scrutator,
950 1965 1172 2021 praemisit
1214 1965 1368 2007 ultimo
1405 1964 1615 2006 volumini
1662 1978 1762 2005 snae

338 2041 541 2083 historiae
587 2040 798 2082 literariae
831 2039 951 2095 (edit.
989 2041 1059 2093 3):
1093 2042 1257 2095 “quum
1291 2042 1417 2080 antea
1451 2037 1671 2080 inediocris
1709 2037 1762 2078 li-

341 2118 544 2158 “brorum
578 2115 699 2170 copia
730 2114 967 2169 sufficeret,
1002 2129 1116 2156 nunc
1149 2114 1307 2169 scripta
1336 2114 1388 2155 de
1420 2113 1674 2169 specialibus
1697 2127 1763 2154 ar-

341 2191 643 2246 “chaeologiae
663 2191 857 2246 partibus
880 2205 924 2232 se
947 2190 1222 2232 cumularunt
1243 2194 1286 2232 et
1308 2190 1350 2230 in
1374 2190 1465 2232 dies
1488 2204 1532 2231 se
1548 2189 1764 2231 cumulare

345 2269 580 2321 “pergunt3
615 2266 688 2308 sed
720 2267 844 2322 pauci
877 2270 1002 2308 crunt
1033 2265 1106 2321 qui
1140 2266 1272 2307 tantis
1305 2265 1469 2308 divitiis
1502 2279 1598 2307 vere
1619 2264 1703 2306 frui
1723 2271 1765 2306 et

345 2342 561 2397 “gaudere
592 2342 802 2398 possint.''
847 2342 996 2397 Neque
1027 2357 1122 2384 eum
1156 2347 1314 2384 temere
1345 2342 1406 2384 ita
1437 2342 1554 2398 queri
1591 2346 1764 2396 apparet

343 2432 395 2459 ex
429 2432 584 2473 magno
617 2431 793 2459 numero
825 2417 1031 2458 librorum
1063 2431 1167 2472 quos
1201 2417 1306 2459 citat
1337 2416 1380 2458 in
1415 2416 1647 2458 tractandis
1679 2417 1764 2458 sin-

345 2491 460 2547 gulis
503 2493 851 2548 quaestionibus,
896 2507 1099 2547 perquam
1133 2506 1258 2547 saepe
1290 2492 1490 2534 tenuibus
1523 2496 1566 2533 et
1598 2498 1767 2533 tantum

349 2583 430 2608 non
480 2568 597 2610 omni
643 2567 854 2623 gravitate
897 2568 1160 2621 carentibus,
1195 2582 1327 2623 quum
1361 2567 1609 2622 praesertim
1644 2566 1769 2621 longe

348 2644 477 2685 etiam
511 2643 653 2698 plures
686 2643 857 2686 silentio
892 2643 1104 2685 transierit
1134 2645 1155 2683 ¹.

394 2769 514 2801 ‘si-ite
548 2770 644 2801 etiam
680 2770 828 2801 Dindorsi
865 2769 988 2809 proleg.
1026 2770 1116 2800 Pom.
1152 2768 1273 2799 Scenie.
1310 2778 1383 2808 pag.
1420 2769 1470 2799 15:
1507 2767 1674 2799 “infinitae
1698 2773 1771 2798 sunt

349 2829 586 2860 “recentiorum
617 2851 645 2860 ..
661 2852 689 2861 ..
719 2829 951 2870 disputationes
976 2835 1005 2859 et
1029 2828 1198 2868 opiniones
1211 2827 1462 2863 diversissimae,
1488 2828 1604 2868 quibus
1621 2827 1774 2858 omnibus

348 2889 570 2929 ¹*perlegendis
594 2889 646 2929 qui
670 2890 707 2919 ad
731 2889 836 2920 studia
860 2888 1038 2928 Sophoclea
1065 2887 1225 2925 [dicamus
1256 2887 1361 2919 studia
1375 2887 1512 2926 scenica]
1528 2897 1722 2927 praeparare
1737 2896 1770 2917 se
