1956 3346
887 215 934 224 α-

203 339 415 393 agitatum
439 337 642 392 juvenem
674 351 894 392 agnoscas.
963 337 1010 378 Iu
1053 337 1294 378 Phoenissis
1323 337 1449 379 ambo
1469 338 1618 393 Oedipi

206 414 281 455 lilii
316 421 416 454 ante
451 417 632 453 matrem
667 412 870 453 ‚lm-asten
905 411 1086 453 consilia
1118 426 1195 454 sua
1228 412 1481 466 defendunt,
1516 413 1623 454 alter

204 489 322 544 regni
355 487 435 529 sibi
466 486 685 538 servandi,
709 487 818 528 alter
840 486 1001 528 auxilio
1018 487 1226 528 sociorum
1246 488 1495 543 occupandi.
1533 488 1622 530 Mc-

203 563 282 605 dea
317 561 520 604 adversus
557 561 789 614 Jasonmn,
828 561 1091 616 Hippolytus
1123 562 1237 617 apud
1271 575 1434 618 patrem
1463 564 1623 604 Thesea

203 651 376 680 causam
404 642 604 692 agentes,
643 636 834 679 Pheretis
865 651 960 678 cum
985 635 1170 682 Admeto
1195 637 1234 678 in
1260 638 1477 679 Alcestim»
1496 639 1624 680 alter-

204 711 315 754 catio
347 727 482 768 pacne
515 711 698 764 comica,
733 711 813 753 tria
835 717 935 752 sunt
958 710 1042 752 alia
1059 712 1252 767 exemplu
1272 713 1375 754 artis
1393 714 1624 755 rhetoricae

207 787 248 828 in
279 787 519 829 subsidium
549 786 697 841 tragici
732 785 870 842 operis
901 790 1087 828 vocatae.
1153 787 1454 830 Andromache
1481 789 1625 830 fabula

206 861 360 904 referta
391 868 456 904 est
488 861 772 914 orationibus,
798 861 1073 914 Hermiones,
1098 861 1237 916 Pelei,
1264 862 1471 915 Menelai,
1493 864 1625 919 ipsius

206 936 550 986 Andromaches;
584 937 686 979 haec
718 937 913 990 hemina,
948 937 1086 979 saevis
1116 937 1301 980 vinculis
1325 938 1481 993 ligata,
1502 939 1627 981 debet

206 1017 452 1068 exspectare
493 1012 625 1054 donec
659 1012 882 1055 Menelaus
913 1016 956 1054 ct
987 1012 1140 1055 Peleus
1174 1027 1218 1055 se
1243 1013 1425 1055 invicem
1444 1014 1626 1055 infinitis

206 1087 430 1141 conviciis,
462 1087 668 1129 ducentos
701 1087 788 1129 scre
821 1102 968 1130 versus
1003 1087 1304 1142 implentibus,
1340 1088 1445 1130 satis
1469 1088 1627 1130 dilace-

207 1162 419 1216 raverint,
453 1167 495 1204 et
527 1162 679 1205 Peleus
708 1163 879 1205 tandem
904 1162 1122 1219 intelligat
1144 1177 1227 1205 non
1249 1163 1387 1206 verbis
1406 1163 1480 1206 sed
1503 1163 1626 1206 factis

207 1251 314 1292 opus
345 1251 448 1279 esse.
502 1237 598 1279 Non
632 1238 773 1280 minor
803 1238 1070 1280 abundantia
1101 1239 1342 1280 orationum
1365 1239 1495 1281 estin
1516 1239 1627 1294 Sup-

208 1312 404 1367 plicibus.
473 1312 523 1353 In
564 1312 708 1354 Troasi
753 1313 917 1355 Helena
958 1313 1072 1368 apud
1114 1313 1359 1356 Menelaum
1395 1315 1628 1370 pristinum

209 1387 413 1429 maritum
443 1391 534 1429 orat
567 1402 765 1442 causam,
799 1394 1027 1430 accusante
1060 1389 1249 1431 Hecuba.
1304 1390 1354 1430 In
1386 1389 1629 1431 Heraclidis

210 1462 358 1504 statim
391 1466 489 1517 post
524 1462 750 1517 prologum
783 1462 1028 1504 instituitur
1061 1463 1296 1505 rhetoricus
1330 1463 1530 1519 dialogus
1565 1465 1630 1505 in-

210 1541 275 1579 ter
306 1536 538 1591 Eurysthei
568 1551 820 1592 praeconem
838 1536 1002 1593 Coprea
1024 1544 1066 1579 ct
1091 1537 1282 1592 Iolaum,
1305 1553 1446 1581 coram
1473 1540 1631 1582 Demo-

211 1612 398 1668 phoon'te
428 1626 526 1668 rege
554 1612 836 1655 Athenarum.
906 1613 956 1654 In
989 1613 1157 1656 Helena
1179 1613 1348 1668 fabula,
1374 1619 1422 1655 ut
1446 1614 1630 1656 Menelai

211 1687 326 1730 vitae
368 1691 587 1743 parcatur,
632 1688 723 1743 ipse
764 1691 808 1730 et
845 1702 950 1730 uxor
984 1688 1153 1731 Helena
1191 1688 1332 1745 longis
1365 1689 1631 1732 orationibus

212 1766 440 1818 precantur
481 1778 506 1805 a
536 1763 730 1806 Theonoe
762 1764 874 1819 regis
908 1778 1061 1807 sorore.
1127 1765 1176 1806 In
1215 1765 1414 1808 Herculis
1450 1766 1631 1808 furentis

214 1837 338 1879 initio
373 1837 484 1880 inter
517 1837 679 1892 Lycum
711 1842 754 1880 et
776 1838 1139 1894 Amphitryonem
1156 1839 1338 1882 habetur
1352 1840 1630 1896 colloquium,

214 1912 361 1956 codem
409 1913 546 1955 colore
592 1913 750 1955 forensi
796 1913 1032 1967 imbutum,
1070 1914 1230 1969 judicis
1267 1920 1411 1971 partes
1449 1917 1634 1959 obeunte

214 1988 340 2030 choro
383 1990 531 2044 <quem
573 2003 625 2031 cx
669 1989 843 2032 senibus
888 1990 1116 2045 decrepitis
1161 1995 1431 2033 constantem
1467 1992 1632 2034 mireris

214 2063 418 2106 adversus
459 2068 692 2119 tyrannum
726 2064 888 2119 Lycum
921 2064 1083 2107 hiscere
1114 2065 1306 2119 audere);
1342 2065 1384 2107 in
1419 2066 1504 2109 fine
1537 2082 1634 2109 vero

215 2138 342 2194 hujus
384 2140 626 2196 tragoediae
664 2140 832 2182 utinam
865 2141 1129 2183 brevioribus
1161 2142 1427 2185 orationibus
1463 2148 1633 2185 uteren-

216 2220 286 2256 tur
320 2215 524 2257 Hercules
557 2215 610 2257 ad
643 2215 947 2258 declarandum
982 2231 1026 2259 se
1059 2217 1166 2259 mori
1196 2217 1330 2271 velle,
1363 2218 1550 2261 Theseus
1580 2219 1634 2260 ad

216 2289 565 2333 dissuadendum.
630 2291 743 2343 Quid
786 2292 926 2334 dicam
965 2292 1018 2334 dc
1059 2292 1135 2335 illa
1174 2292 1321 2349 λόγων
1351 2293 1528 2350 ἁμίλλῃ,
1561 2309 1636 2350 per

217 2368 390 2407 centum
412 2370 456 2407 et
474 2365 790 2422 quinquaginta
810 2380 956 2409 versus
974 2371 1210 2422 protracta,
1231 2367 1342 2410 inter
1360 2368 1633 2422 Clytaemne-

218 2444 351 2482 stram
383 2440 605 2483 humiliter
637 2441 882 2497 loquentem
914 2447 956 2484 et
981 2441 1198 2485 Electram
1221 2444 1445 2499 sanguinis
1465 2443 1634 2486 avidam

218 2530 295 2558 nec
320 2515 430 2571 jocis
463 2516 705 2559 crudelibus
738 2517 1023 2560 abstinentem
1050 2518 1091 2559 ¹?
1153 2518 1314 2560 Eadem
1351 2518 1520 2560 Electra
1551 2531 1634 2560 non

220 2591 346 2634 modo
383 2591 428 2633 in
464 2591 605 2633 vivam
651 2598 831 2634 matrem
879 2592 953 2635 sed
997 2592 1126 2635 etiam
1171 2594 1212 2635 iu
1254 2599 1471 2635 mortuum
1504 2594 1636 2648 Aegi-

220 2665 366 2708 sthum
399 2665 526 2708 habet
558 2666 792 2710 orationem
815 2668 842 2709 ³.
909 2668 991 2710 Sed
1019 2667 1108 2723 jam
1144 2669 1249 2711 satis
1279 2669 1417 2710 multa
1442 2667 1637 2723 exemplu

222 2740 448 2782 attulimus
480 2741 613 2784 studii
645 2741 736 2797 ejus
763 2742 1004 2797 judicialis,
1035 2757 1171 2799 neque
1192 2758 1243 2785 ex
1263 2743 1468 2785 drmnatis
1488 2743 1637 2798 deper-

266 2863 274 2882 ¹
321 2862 399 2894 Vid.
423 2863 548 2895 Electr.
571 2874 617 2895 vs.
646 2865 736 2898 1127.

267 2920 280 2940 ²
326 2921 446 2954 Electr.
471 2932 518 2954 vs.
542 2924 724 2956 907-956.
