1956 3346
924 213 1001 252 lo5

250 334 416 376 soi-ibus
464 332 688 386 deflectat,
744 332 965 374 subductis
1016 332 1191 374 calculis
1242 332 1366 388 longe
1403 333 1452 374 iis
1486 334 1671 376 deterius·

252 423 337 451 rem
369 409 508 464 egisse
539 407 776 450 censendus
809 408 891 457 sit3
924 407 1164 463 pariterque
1197 406 1383 449 affinitas
1415 408 1515 462 illa,
1550 410 1675 452 toties

244 484 335 539 jam
367 499 393 526 a
423 498 490 526 me
523 488 879 536 commemorata,
916 483 1026 524 inter
1059 496 1212 524 novam
1235 483 1524 538 comoediam,
1551 485 1678 527 choro

250 563 490 612 carentem,
525 559 701 614 ejusque
733 558 936 600 dramata.
975 558 1057 599 Hic
1090 572 1256 613 quoquc
1285 558 1326 598 in
1351 573 1399 600 eo
1417 559 1678 614 conspicitur

251 634 458 676 transitus
507 634 681 690 quidam
731 650 756 675 a
801 633 932 675 veteri
978 639 1068 674 arte
1114 633 1167 673 ad
1216 646 1392 676 novam:
1440 634 1577 676 mulos
1610 634 1678 676 hic

250 723 416 764 quoque
447 708 702 764 gignit‚,ut
733 723 943 750 recurram
976 708 1038 749 ad.
1062 708 1264 750 Germani
1298 708 1539 763 philosophi
1573 710 1677 752 alle-

249 785 413 839 goriam
440 784 463 825 ¹.
500 784 641 836 Quum
675 783 791 825 enim
823 783 949 824 choro
981 783 1085 838 quid
1102 782 1258 824 faceret
1276 783 1346 824 vix
1363 783 1470 826 bene
1489 785 1679 841 nossct³,

252 874 387 915 neque
418 874 520 901 sane
551 859 705 901 actoris
723 863 865 913 partes
882 857 1157 914 officiumque
1178 857 1298 900 virile
1315 859 1352 900 ei
1375 859 1677 915 impertiretur,

252 948 336 976 non
385 939 527 976 tamen
575 933 685 975 istuc
732 947 862 974 ausus
909 938 975 974 est
1023 933 1221 988 progredi
1271 939 1317 975 ut
1362 948 1459 976 eum
1507 950 1679 990 prorsus

252 1008 512 1061 dimitteret,
547 1007 621 1050 sed
652 1008 706 1050 ad
738 1008 906 1050 cantica
937 1007 1198 1050 modulanda
1230 1023 1278 1050 eo
1312 1014 1378 1051 est
1411 1024 1536 1065 usus,
1567 1011 1680 1055 haud

255 1084 445 1140 vulgaris
495 1083 670 1140 quidem
717 1084 821 1126 artis
869 1084 1147 1138 documenta,
1182 1084 1256 1126 sed
1288 1099 1385 1127 cum
1419 1086 1523 1142 ipsis
1556 1087 1680 1130 fabu-

254 1161 392 1202 larum
424 1155 693 1216 argumentis
728 1173 854 1214 saepe
886 1164 961 1201 aut
993 1158 1102 1200 nihil
1134 1159 1300 1202 confine
1333 1160 1561 1216 habentia,
1607 1170 1681 1205 aut

254 1241 341 1278 tam
374 1249 526 1291 parum
557 1239 607 1276 ut
639 1234 711 1276 vix
743 1233 937 1289 dignosci
969 1239 1098 1290 queat
1121 1236 1147 1276 ³.
1213 1235 1263 1276 In
1296 1236 1472 1278 caeteris
1510 1237 1676 1279 fabula-

256 1327 348 1354 rum
383 1311 577 1368 partibus
610 1311 754 1353 adstat
786 1311 948 1353 otiosus
982 1311 1130 1364 testis,
1169 1311 1285 1366 pisce
1317 1313 1477 1355 mutior
1510 1313 1581 1355 ubi
1616 1314 1681 1355 vel

258 1401 428 1429 summa
469 1386 628 1429 scelera
659 1386 742 1428 scit
770 1385 935 1441 parari,
969 1400 1078 1442 quae
1110 1401 1195 1428 uno
1227 1388 1402 1430 verbulo
1434 1403 1683 1444 praecavere

258 1468 402 1518 posset
421 1463 449 1503 ⁶⁴.
489 1461 632 1513 Quum
664 1461 844 1503 forensis
880 1461 1024 1517 agitur
1055 1461 1337 1518 disceptatio,
1364 1464 1581 1506 tantulum
1607 1465 1683 1506 lio-

301 1658 311 1678 ¹
335 1658 458 1690 Hamb.
483 1658 634 1690 Dramat.
659 1661 705 1688 n0.
730 1658 782 1690 48.
827 1657 877 1691 Cf.
901 1668 999 1700 supra
1026 1669 1102 1700 pag.
1125 1660 1168 1691 35
1190 1660 1261 1690 adn.
1285 1662 1316 1691 5.

298 1716 312 1737 ¹
334 1716 456 1750 Beruh.
479 1716 524 1748 1.1.
548 1726 624 1757 pag.
647 1717 728 1748 413:
754 1716 882 1748 “dieser
904 1717 1184 1749 unvermeidliche
1202 1718 1361 1750 Nachlass
1373 1719 1430 1750 des
1442 1719 1682 1752 dramatischen

258 1776 416 1810 Gedichts
440 1776 557 1808 driiekt
580 1776 635 1807 ihn
657 1776 706 1807 als
729 1776 779 1807 ein
804 1776 939 1817 lastiges
963 1777 1212 1808 Herkommen''
1237 1786 1298 1809 etc.

300 1836 312 1856 ³
336 1836 384 1868 Ut
408 1837 504 1878 hujus
528 1837 576 1868 rei
599 1836 789 1877 exemplum
817 1836 961 1874 afferam,
986 1837 1103 1878 delego
1126 1837 1281 1869 lectorem
1304 1839 1344 1868 ad
1362 1838 1479 1869 Helen.
1495 1847 1540 1869 vs.
1560 1840 1683 1872 1317—

263 1896 360 1933 1384,
394 1896 448 1927 ubi
481 1905 544 1926 non
575 1895 769 1936 intelligitur
793 1904 857 1936 quo
881 1895 1018 1926 consilio
1041 1896 1179 1936 Cybeles
1205 1897 1255 1929 vel
1279 1896 1409 1929 Cereris
1434 1896 1498 1927 sata
1520 1906 1688 1929 canantur.

259 1956 313 1995 {In
347 1955 504 1995 corruptis
539 1965 601 1985 vss.
633 1954 715 1986 1369
748 1964 815 1995 sqq.
848 1955 1058 1995 Musgravius
1083 1962 1176 1996 putat
1198 1956 1296 1986 alludi
1319 1955 1361 1986 ad
1384 1956 1513 1988 Thesea
1536 1958 1589 1997 qui
1619 1962 1688 1988 “se-

259 2020 412 2054 ptennem
436 2013 606 2045 defloravit
629 2013 812 2046 Helenen.''
835 2014 923 2045 Num
954 2014 1152 2054 Thesmoph.
1179 2025 1213 2045 vs
1248 2016 1312 2046 480
1335 2014 1418 2045 forte
1444 2016 1556 2046 eodem
1590 2017 1688 2057 respi-

256 2074 399 2114 citur??]

303 2134 342 2165 In
377 2133 508 2165 Electra
542 2133 649 2164 fabula
683 2142 746 2164 non
781 2132 889 2164 minus
922 2133 1004 2164 mihi
1039 2133 1188 2174 displicet
1222 2133 1307 2173 quod
1336 2134 1474 2165 Homeri
1498 2134 1575 2165 satis
1599 2135 1690 2166 laeva

263 2192 443 2224 imitatione
477 2192 672 2223 describitur
704 2192 839 2233 clypeus
868 2192 1025 2230 Achillis,
1049 2193 1118 2224 loco
1141 2193 1276 2223 minime
1299 2193 1458 2234 apposito,
1503 2194 1577 2225 Non
1605 2194 1689 2225 enim

261 2252 301 2283 de
326 2251 457 2283 Achille
481 2251 536 2282 sed
560 2252 598 2282 de
621 2251 876 2292 Agamemnone
899 2252 1063 2292 agendum
1087 2259 1182 2299 erant
1215 2252 1304 2286 Nisi.
1329 2258 1363 2282 ut
1392 2259 1463 2293 post
1494 2259 1617 2284 tantam
1645 2254 1688 2293 di·

262 2311 460 2352 gressionem
491 2312 530 2341 ad
565 2321 634 2342 rem
669 2310 838 2348 redeatur,
873 2310 1035 2342 sufficiant
1065 2311 1143 2342 haec
1172 2311 1289 2347 verba,
1320 2312 1529 2352 praeconium
1554 2312 1691 2344 Achillis

263 2369 396 2411 ejusque
419 2379 587 2401 armorum
610 2370 838 2410 subsequentia
860 2370 920 2410 (vs.
943 2371 1007 2404 478
1029 2380 1074 2411 sq.
1080 2379 1106 2410 );

480 2428 605 2460 τοιῶνδ’
630 2430 758 2461 ἄνακτα
782 2429 967 2470 δοριπόνων

480 2490 592 2525 ἔκανες
616 2488 769 2527 ἀνδρῶν,
795 2488 955 2530 Τυνέαρί,
981 2490 1023 2519 mi
1048 2488 1168 2530 λέχεα,
1193 2490 1365 2529 κακόφρων
1389 2490 1480 2530 κόρα.

266 2549 438 2581 Mirificum
478 2548 621 2589 profecto
654 2549 807 2580 laudandi
843 2550 994 2585 modurn,
1034 2558 1097 2590 quo
1132 2549 1238 2589 gloria
1272 2549 1412 2581 Achillis
1447 2548 1692 2580 tmnsscribitur

266 2609 300 2640 in
325 2610 626 2649 Agamemnonem!
664 2608 767 2647 Quasi
790 2617 868 2639 vero
890 2608 1025 2639 Atride-i
1050 2608 1154 2640 famae
1177 2618 1255 2640 suae
1280 2608 1392 2641 florem
1416 2609 1547 2640 deberet
1571 2608 1624 2638 uni
1650 2618 1691 2638 cx

264 2668 463 2710 principibus
497 2668 552 2710 qui
586 2669 644 2699 sub
677 2668 747 2709 ejus
778 2667 900 2699 vexillo
932 2675 1175 2709 pugnaverant,
1207 2677 1238 2699 et
1269 2669 1351 2699 niliil
1375 2669 1441 2709 ipse
1466 2668 1584 2709 egisset
1608 2669 1691 2708 quod

268 2728 430 2760 celebratu
453 2729 590 2770 dignum
613 2734 708 2760 esset.

312 2787 324 2807 ⁴
350 2788 395 2819 Ut
417 2787 544 2819 mittam
568 2788 702 2819 chorum
726 2787 758 2818 in
784 2787 980 2829 HippolytO,
1003 2797 1104 2828 pravo
1123 2787 1336 2828 jurejurando
1359 2787 1567 2823 obstrictum,
1593 2787 1691 2827 inpri-

269 2846 330 2878 mis
364 2846 510 2877 miranda
539 2853 588 2877 est
617 2856 655 2878 ea
678 2846 882 2878 taciturnitas
906 2846 938 2876 in
962 2846 1080 2877 Medea
1105 2845 1229 2883 sabula,
1254 2846 1306 2877 ubi
1329 2846 1465 2882 chorus,
1489 2856 1589 2887 quum
1616 2846 1693 2877 <ciat

271 2904 436 2936 heminam
472 2914 585 2944 parare
614 2905 745 2938 caedem
781 2905 956 2947 triplicem.
991 2905 1070 2936 nihil
1100 2915 1132 2936 se
1161 2905 1391 2945 evulgaturum
1416 2906 1593 2946 promtum
1617 2905 1694 2945 quid
