1956 3346
1029 198 1083 235 815

408 319 522 360 Num
558 317 687 372 igitur
719 317 907 357 dicemus
943 324 1030 357 tani
1066 316 1273 371 injustum
1308 323 1379 358 aut
1415 324 1499 359 tarn
1521 333 1671 372 parum
1690 320 1769 360 sibi

346 394 683 436 consentientem
731 392 862 433 fuisse
904 392 1255 446 Aristophanem,
1290 398 1338 434 ut
1371 408 1478 448 quae
1512 394 1602 448 ipse
1635 394 1772 436 facere

349 470 502 511 soleret
535 469 576 508 in
610 468 742 509 altero
775 467 1116 521 reprehenderit?
1148 468 1218 508 An
1252 468 1395 522 potius
1429 483 1518 510 rem
1534 468 1770 510 confectam

348 544 615 586 censebimus
661 542 849 584 indicato
882 541 1130 583 discrimine
1163 542 1274 583 inter
1298 543 1484 597 tragicae
1509 549 1551 585 et
1587 544 1772 585 comicae

346 634 495 661 scenae
543 618 686 673 leges?
733 617 897 659 Neutra
943 618 1010 659 via
1042 631 1110 659 me
1150 616 1295 671 judice
1328 617 1381 658 ad
1419 632 1594 673 scopum
1627 618 1769 667 ducit3

346 694 541 749 inprimis
590 706 686 734 vero
732 693 969 734 cavendum
1017 707 1069 734 ne
1118 692 1223 733 duas
1273 706 1337 734 res
1386 692 1564 734 minime
1601 693 1770 734 easdem

346 769 456 810 inter
503 783 546 809 se
595 767 938 822 permisceamus.
1004 767 1100 808 Non
1150 766 1192 807 id
1239 767 1504 822 culpandum
1547 767 1771 810 videbatur

343 843 518 897 comico,
554 842 666 897 quod
700 841 928 897 Euripides
960 841 1065 883 ‘male
1096 842 1148 884 de
1180 841 1433 883 mulieribus
1456 842 1700 897 loqueretur
1729 850 1769 884 et

345 918 553 975 improbas
605 918 647 959 in
691 932 862 960 scenam
910 918 1106 969 duceret,
1156 917 1229 958 sed
1277 917 1390 972 quod
1423 917 1466 958 in
1499 917 1657 959 fabulis
1690 925 1772 960 tam

342 997 510 1039 multum
541 1010 611 1037 eas
644 994 871 1049 respiceret
902 997 1129 1047 tantasque
1163 993 1214 1034 iis
1249 993 1453 1034 tribueret
1486 997 1641 1048 partes
1678 1027 1681 1029 .

409 1074 455 1112 In
503 1085 629 1113 scena
682 1068 996 1123 Aristophanea
1028 1069 1079 1110 de
1111 1069 1244 1110 altero
1278 1083 1381 1110 sexu
1415 1083 1538 1124 saepe
1571 1069 1769 1124 quidem,

345 1147 417 1189 sed
479 1147 638 1201 absque
702 1144 791 1186 ulla
858 1144 1125 1197 reverentia,
1186 1144 1288 1199 quin
1355 1144 1494 1186 dicam
1567 1144 1770 1199 probrose

343 1223 511 1278 agitur,
554 1225 597 1263 et
641 1220 702 1262 ita
747 1224 795 1261 ut
825 1219 1076 1274 plerumque
1108 1218 1331 1260 materiem
1364 1219 1565 1273 praebeat
1600 1219 1771 1261 cachin-

345 1298 411 1338 nis
457 1311 608 1351 parum
655 1293 921 1347 verecundis,
971 1308 1056 1335 non
1105 1308 1197 1335 raro
1245 1294 1376 1336 etiam
1424 1293 1469 1334 in
1506 1297 1771 1335 contemtum

343 1373 604 1425 adducatur,
641 1384 861 1426 nunquam
888 1384 984 1411 vero
1009 1370 1141 1413 talem
1165 1369 1208 1410 in
1225 1369 1401 1411 modum
1417 1401 1427 1421 ,
1447 1374 1496 1410 ut
1513 1374 1771 1424 spectatores

344 1447 514 1489 discant
545 1446 597 1487 de
613 1445 863 1487 mulieribus
881 1445 988 1486 bene
1005 1445 1162 1486 sentire
1181 1448 1220 1495 ¹3
1254 1459 1332 1486 nec
1352 1440 1513 1499 majore
1530 1444 1621 1486 loco
1637 1444 1770 1486 comi-

343 1536 416 1563 cus
449 1536 519 1563 eas
562 1524 760 1562 numerat
791 1534 921 1575 quam
968 1534 1109 1562 servos
1158 1520 1384 1562 sceleratos
1434 1520 1499 1561 vel
1550 1518 1770 1561 famelicos

342 1596 565 1651 parasitas.
603 1595 648 1638 Si
665 1596 778 1637 idem
794 1595 954 1650 egisset
970 1595 1221 1662 Epripides,
1238 1595 1330 1637 sine
1346 1594 1476 1636 dubio
1492 1594 1770 1649 plaudentem

343 1672 426 1714 sibi
473 1671 694 1714 habuisset
738 1671 1100 1726 Aristophanem,
1151 1685 1287 1726 neque
1331 1671 1444 1712 hunc
1491 1669 1771 1711 offendissent

343 1747 424 1789 loci
468 1746 541 1788 ubi
592 1746 820 1802 Euripides
869 1747 958 1788 sive
1002 1746 1047 1786 in
1079 1745 1332 1787 muliebrem
1365 1759 1514 1787 sexum
1547 1745 1768 1797 universe,

344 1823 434 1864 sive
481 1822 525 1862 in
576 1825 691 1863 certa
737 1821 945 1877 quaedam
993 1821 1084 1876 ejus
1124 1820 1229 1862 vitia
1260 1820 1488 1862 invehitur.
1527 1820 1610 1863 Sed
1643 1820 1770 1875 longe

344 1898 557 1939 diversam
604 1897 720 1939 viam
753 1897 972 1951 ingressus
1005 1899 1072 1937 est
1103 1896 1317 1951 tragicus,
1352 1895 1471 1950 eujus
1508 1895 1551 1936 in
1584 1894 1769 1946 fabulis,

344 1989 440 2015 cuin
487 1987 563 2027 pro
603 1972 797 2014 molliore
844 1986 927 2027 quo
970 1971 1172 2013 utebatur
1205 1971 1345 2025 poesis
1378 1985 1556 2026 genere,
1592 1975 1684 2012 tum
1717 1969 1770 2011 ob

344 2049 536 2090 nativam
569 2047 784 2103 quandam
815 2051 965 2102 poetae
997 2046 1208 2100 indolem,
1243 2060 1362 2087 amor
1384 2046 1633 2101 plerumque
1648 2059 1771 2101 prora

344 2128 387 2165 ct
430 2123 587 2179 puppis
633 2126 699 2165 est
718 2123 747 2164 2.
816 2122 958 2173 Quum
1006 2121 1244 2176 Aeschylus
1293 2122 1337 2162 in
1388 2121 1607 2177 tragoedia
1637 2121 1769 2162 amori

345 2199 515 2241 nullum
527 2232 538 2253 ,
555 2197 806 2240 mulieribus
824 2196 1039 2238 modicum
1058 2196 1271 2238 duntaxat
1288 2196 1429 2238 locum
1446 2196 1727 2238 concessisset
1738 2201 1768 2248 ³,

345 2274 417 2315 ille
450 2273 615 2314 nullam
646 2286 781 2328 paene
812 2271 1003 2312 fabulam
1036 2270 1278 2326 composuit
1299 2270 1402 2326 quin
1421 2270 1574 2312 mulier
1591 2284 1768 2325 magnas

387 2412 394 2432 ¹
443 2412 547 2443 Cavet
556 2412 797 2452 Aristophanes
815 2420 855 2442 ne
873 2420 947 2442 suas
960 2411 1072 2442 Musas
1083 2412 1305 2452 προαγωγοὺς
1318 2411 1492 2451 ἀποφαίνῃ
1501 2411 1603 2450 Vesp.
1620 2420 1665 2441 vs.
1679 2411 1770 2442 1028.

385 2471 398 2492 ²
447 2472 612 2512 Longinus
650 2472 719 2511 περὶ
757 2470 861 2510 ὕψους
885 2480 953 2511 cap.
990 2471 1044 2501 15:
1069 2471 1136 2501 ἔστι
1162 2471 1222 2511 μὲν
1246 2471 1307 2501 οὖν
1331 2470 1605 2511 φιλοπονώτατος
1630 2469 1646 2498 ὁ
1674 2470 1767 2510 Εὐρι-

344 2532 438 2570 πίδης
464 2532 522 2561 (Τὺο
548 2533 640 2562 ταυτὶ
668 2531 778 2568 πάθη,
804 2532 926 2571 μανίης
952 2542 982 2561 τε
1007 2531 1059 2561 καὶ
1085 2531 1225 2571 ἔρωτας,
1252 2527 1515 2571 ἐκτραγῳδῆσαι,
1540 2528 1602 2558 κάν
1627 2529 1767 2567 τούτοις,

343 2592 385 2628 ὡς
409 2592 468 2622 οὐκ
493 2589 549 2621 οἶδ’
575 2591 600 2620 εἲ
626 2601 710 2620 τισιν
734 2589 869 2631 ἑτέροις,
895 2589 1166 2630 ἐπιτυχέστατος.
1717 2577 1720 2581 -

385 2651 397 2670 ³
442 2650 632 2690 Aeschylus
655 2651 688 2680 in
714 2649 816 2681 Ranis
841 2660 887 2681 vs.
915 2651 999 2681 1026
1021 2660 1078 2689 sq„
1107 2650 1189 2681 1043
1212 2659 1274 2689 sq.:

600 2708 733 2745 διδάξας
760 2708 888 2749 Πέρσας
913 2711 996 2748 μετὰ
1020 2707 1110 2739 τοῦτ’
1135 2708 1307 2747 ἐπιθυμεῖν
1331 2705 1495 2739 ἐξεδίδαξα

472 2770 565 2799 νικᾶν
590 2769 636 2798 ἀεὶ
664 2768 739 2804 τοὺς
764 2767 993 2803 ἀντιπάλους,
1020 2767 1188 2807 κι>σμι’]σας
1213 2766 1310 2805 ἔργον
1335 2765 1472 2804 ἄριστον
1489 2763 1552 2794 xri.

469 2827 541 2856 ιιλλ’
568 2828 604 2855 οιί
629 2828 672 2867 μή
699 2825 746 2856 Δί’
772 2827 808 2855 οιί
835 2826 979 2865 Φαίδρας
1003 2825 1140 2855 ἐποίουν
1166 2825 1294 2864 πόρνας
1319 2823 1389 2854 οὐδὲ
1418 2823 1634 2862 Σθειόβοιής,

469 2887 533 2918 οὐδ’
561 2886 618 2917 οἶδ’
645 2886 752 2922 miritis
778 2885 883 2922 ἥντιν’
910 2886 1037 2925 ἐρῶσαν
1064 2883 1191 2915 πώποτ’
1217 2884 1357 2920 ἐποίησα
1386 2886 1537 2924 γυναῖκα.
