1956 3346
1009 192 1060 231 Τὸ

320 317 446 370 ditis,
482 316 531 357 de
566 315 720 370 quibus
755 312 1006 367 plerumque
1039 326 1189 365 parum
1223 314 1413 363 constat,
1446 309 1566 364 plura
1589 308 1741 350 addere

319 406 425 446 opus
459 396 543 439 cst3
579 387 764 430 sufficiat
796 401 881 428 uno
915 386 1041 427 verbo
1075 385 1338 426 mentionem
1372 385 1505 426 fucere
1539 385 1589 425 dc
1617 384 1742 425 Pala-

318 466 466 518 mede,
509 464 629 519 cujus
677 461 847 503 fabulae
895 463 1197 515 argumentum
1240 462 1329 500 erat
1364 458 1485 500 heros
1540 461 1579 499 in
1625 460 1743 513 ,judi-

321 541 434 582 cium
466 540 675 581 adductus
709 545 751 580 et
780 537 932 592 capitis
966 537 1208 578 damnatus.

380 615 522 666 Quum
553 621 696 656 autem
730 614 772 654 in
806 613 899 654 istis
931 611 1126 653 oratoriis
1166 610 1367 651 diverbiis
1398 625 1524 652 causa
1560 611 1742 652 deterior

321 706 404 732 non
439 690 604 731 minore
636 688 838 730 facundia
870 688 1040 730 dicatur
1069 700 1199 742 quam
1226 685 1347 740 justa
1377 699 1517 739 causa,
1552 690 1595 727 et
1617 700 1739 741 argu-

320 766 503 819 mentis,
538 765 725 820 pondere
759 764 938 805 minime
973 761 1221 814 destitutis,
1257 775 1381 815 saepe
1399 761 1462 801 uti
1486 760 1629 802 videas
1649 776 1743 816 per-

320 856 446 883 sonas
494 840 694 882 scelestas
738 845 786 881 ut
829 839 1000 894 culpam
1050 853 1073 879 a
1114 852 1158 879 se
1198 842 1418 888 avertant,
1465 850 1549 877 non
1590 836 1744 891 injuria

319 916 489 958 videtur
537 915 830 957 succensuisse
868 914 1056 956 comicus
1101 912 1326 967 Euripidi,
1373 911 1432 953 sic
1473 925 1547 966 per
1578 910 1745 952 fabulas

320 1006 417 1033 suas
465 991 635 1033 docenti
680 990 892 1046 quomodo
934 989 1112 1044 pulchra
1156 987 1317 1042 species
1351 986 1573 1042 praetendi
1607 986 1742 1041 possit

320 1066 444 1108 rebus
478 1066 628 1119 malis,
663 1066 700 1107 si
732 1065 828 1120 quis
862 1064 989 1106 modo
1022 1063 1177 1105 calleat
1216 1067 1349 1104 artem
1373 1061 1565 1111 dicendi3
1592 1075 1745 1116 nempe

482 1144 521 1183 ἐκ
551 1143 708 1188 παντὸς
740 1140 791 1182 ἄν
821 1159 882 1188 τις·
913 1140 1161 1194 πράγματος
1191 1136 1348 1180 δισσῶν
1380 1137 1524 1192 λόγων

482 1216 625 1271 ἀγῶνα
659 1214 750 1256 θεῖτ’
782 1214 845 1262 ἄν,
877 1217 905 1255 εἰ
938 1213 1074 1269 λέγειν
1105 1212 1161 1258 εἰἠ
1193 1214 1350 1267 σοφός,

321 1295 369 1331 ut
404 1290 447 1330 in
480 1288 666 1345 quadam
696 1287 917 1342 Euripidis
950 1287 1097 1328 fabula
1128 1286 1189 1328 ait
1221 1287 1372 1328 chorus
1400 1287 1422 1327 ¹.

382 1364 595 1419 Exempla
629 1363 897 1419 eloquentiae
930 1367 1019 1404 tam
1052 1376 1180 1417 prave
1218 1361 1437 1404 adhibitae
1469 1361 1747 1417 suppeditant

323 1440 440 1482 verbi
484 1438 625 1494 gratia
669 1438 751 1479 loci
798 1438 872 1480 ubi
920 1438 1144 1479 hominum
1196 1436 1425 1478 sceleribus
1476 1450 1523 1478 ac
1581 1436 1745 1490 probris

323 1518 569 1570 praetextus
614 1513 985 1568 patrociniumque
1028 1513 1190 1568 petitur
1233 1527 1285 1554 ex
1317 1512 1530 1554 veteribus
1564 1511 1744 1564 fabulis,

323 1591 375 1632 de
417 1590 500 1631 diis
543 1589 703 1631 similia
742 1588 1034 1638 trade11tibus3
1078 1602 1203 1643 quem
1238 1587 1421 1642 impium
1455 1587 1747 1642 mythologiae

324 1680 471 1719 usum,
506 1669 555 1706 ut
586 1665 713 1719 paulo
747 1662 846 1705 ante
874 1663 1062 1704 vidimus
1095 1678 1191 1718 pag.
1231 1664 1282 1703 72
1306 1662 1348 1702 in
1372 1661 1502 1716 notis,
1528 1662 1748 1717 improbus

325 1743 397 1784 ille
445 1746 585 1783 orator
635 1741 678 1781 in
727 1739 1032 1794 Aristophanis
1084 1738 1282 1780 Nubibus
1328 1738 1611 1780 commendat.
1681 1738 1750 1779 Sic

327 1817 545 1859 Phaedrae
578 1829 767 1857 amorem
798 1814 1010 1856 nefarium
1042 1813 1235 1855 defendit
1267 1813 1414 1855 nutrix
1447 1813 1644 1868 exemplo
1672 1814 1749 1855 Jo-

325 1895 388 1936 vis
433 1893 651 1945 Semelen,
696 1891 887 1932 Aurorae
933 1888 1171 1944 Cephalum
1212 1888 1398 1929 amantis
1420 1890 1450 1941 ⁹2,
1497 1893 1540 1930 et
1586 1888 1751 1930 Helena

326 1970 480 2011 marito
523 1966 775 2023 persuadere
814 1964 961 2006 studet
1001 1978 1045 2005 se
1087 1978 1172 2004 non
1212 1978 1289 2004 sua
1324 1963 1450 2017 culpa
1486 1962 1753 2004 commisisse

327 2045 587 2088 adulterium
620 2043 693 2085 sed
724 2041 904 2083 Veneris
944 2039 1007 2093 vi,
1041 2038 1162 2094 cujus
1210 2038 1377 2080 numini
1413 2038 1483 2094 qui
1518 2038 1753 2094 refragetur

329 2122 421 2177 ipso
458 2121 567 2162 Jove
600 2117 786 2160 sanctior
817 2130 909 2157 esse
944 2114 1049 2156 velit
1072 2114 1097 2155 3.
1163 2114 1281 2155 Talia
1314 2114 1357 2154 in
1389 2114 1549 2155 comico
1583 2113 1753 2169 pulpito

329 2196 427 2238 ferri
471 2199 655 2250 possunt
699 2193 905 2244 fortasse,
953 2195 1001 2232 ut
1047 2190 1091 2230 in
1145 2189 1218 2230 illo
1265 2188 1451 2230 Terentii
1494 2189 1585 2230 loco
1618 2188 1749 2239 (Eun.

329 2272 424 2313 Act.
463 2271 550 2323 III,
586 2283 641 2311 sc.
681 2268 750 2321 5):

391 2346 484 2387 “At
498 2358 624 2400 quem
644 2342 785 2396 deum,
805 2341 877 2397 qui
897 2340 1059 2396 templa
1073 2340 1179 2382 coeli
1196 2353 1365 2382 summo
1381 2338 1525 2380 sonitu
1540 2338 1751 2380 concutit:

391 2420 518 2476 “Ego
555 2417 784 2461 homuncio
817 2417 895 2459 hoc
928 2431 1014 2458 non
1046 2415 1272 2458 feceriml''

332 2497 405 2539 scd
450 2496 577 2550 plano
620 2495 830 2537 assentior
864 2493 1146 2549 Aristophani
1177 2493 1366 2548 graviter
1397 2490 1587 2546 culpanti
1622 2491 1754 2545 tragi-

332 2587 428 2614 cum
464 2570 533 2625 qui
571 2571 611 2610 in
644 2573 812 2611 austera
846 2584 970 2610 scena
1006 2574 1094 2609 tam
1118 2568 1276 2609 vilibus
1298 2565 1564 2621 argumentis
1583 2569 1752 2608 utatur:

379 2710 385 2728 ¹
435 2710 471 2740 111
510 2709 692 2749 fragmento
728 2718 768 2739 cx
807 2709 949 2749 Antiope
974 2712 1121 2745 servato,
1155 2708 1286 2747 (Wagn.
1314 2705 1427 2745 l'ragni.
1451 2706 1531 2743 2133
1562 2706 1617 2735 189
1642 2704 1755 2744 Dina.)

332 2771 371 2799 cs.
398 2768 556 2800 Vah-ken.
582 2767 686 2798 Diatr.
711 2776 784 2807 pag.
810 2767 861 2797 82.

377 2828 389 2846 ⁴-'
436 2828 534 2868 Ilipp.
562 2838 607 2857 vs.
634 2828 696 2858 453
721 2837 787 2867 sqq.

380 2890 389 2904 *³
435 2888 552 2918 Troad.
579 2896 624 2917 VS.
648 2887 712 2917 9328
734 2896 798 2926 sqq.
824 2891 857 2916 et
880 2895 926 2915 vs.
957 2885 1037 2915 1042
1064 2894 1109 2924 sq.
